1950 3600
483 214 485 219 '
527 198 667 259 tSabbato.

365 363 413 421 Tu
434 380 540 438 nempe
561 373 677 421 sanctus
698 372 727 420 et
747 373 860 438 potens,
959 370 963 377 “

364 445 479 502 Placere
501 444 553 502 das
575 444 652 503 solus
674 444 725 502 tibi
737 463 749 500 :·

364 525 412 583 Tu
433 526 505 601 legis
525 536 624 584 auctor
645 525 697 583 das
718 527 800 601 sequi

362 607 451 679 Quod
472 607 536 682 lege
556 616 768 683 praemonstras
788 608 847 665 iter.

366 769 493 844 Cingunt
514 771 566 826 iter
587 768 719 843 pericula,

364 850 413 907 Tu
433 850 557 908 lubricos
578 849 661 906 firma
681 851 770 925 pedes
781 871 789 921 ;

336 934 340 939 '
364 931 401 989 Et
422 932 540 989 certiore
561 930 659 988 fervidi

366 1011 523 1087 Pergemus
545 1012 582 1069 ad
603 1020 712 1069 metam
732 1011 832 1087 gradu.

365 1175 393 1232 O
414 1184 493 1231 meta
513 1173 588 1242 felix,
610 1191 667 1248 pax
689 1174 739 1230 ubi

365 1255 402 1312 Et
423 1273 489 1312 vera
509 1272 563 1312 nos
584 1264 682 1312 manet
703 1256 801 1330 quies;

366 1336 424 1394 Ubi
446 1336 596 1411 voluptatis
618 1353 700 1394 sacro

368 1417 509 1475 Torrente
530 1416 644 1492 potabis
665 1419 749 1474 tuos!

367 1578 413 1636 Te
434 1595 525 1648 mens,
547 1577 576 1636 O
596 1578 672 1635 alma
693 1576 828 1647 Trinitas,

366 1659 490 1717 Anhelat
511 1659 623 1728 ardens
644 1668 672 1716 te
694 1659 767 1716 sitit:

365 1740 432 1797 Tua
453 1739 608 1814 redemptis
629 1740 719 1814 gratia

364 1823 488 1880 Aetema
509 1820 597 1878 redde
617 1821 753 1895 praemia.

486 2202 530 2244 nn
553 2201 714 2244 vassenis.
782 2189 785 2196 '

371 2373 511 2447 Supreme
531 2382 626 2429 motor
647 2371 786 2437 cordium,

371 2452 420 2510 Tu
441 2453 596 2510 sanctitatis
617 2451 746 2527 frugibus

368 2534 466 2610 Justos
488 2533 525 2590 ab
546 2533 615 2590 orbe
637 2533 754 2591 condito

370 2614 485 2680 Tenore
507 2613 580 2671 ditas
600 2615 718 2705 perpeti.

371 2776 429 2834 Hic
451 2793 526 2851 spes
548 2775 620 2834 fides
641 2786 669 2833 et
690 2777 791 2833 caritas

368 2857 453 2915 Dulei
474 2856 626 2915 cohaerent
646 2857 776 2914 vinculo:

370 2939 529 2997 Praesentis
550 2940 612 2996 aevi
633 2949 699 3014 post
719 2939 797 2995 diem

372 3019 502 3078 Manebit
522 3038 580 3078 una
601 3021 711 3079 caritas,
