1906 3592
71 220 125 288 158

340 212 396 274 SS.
417 205 596 291 Angelorum.

149 380 224 439 Nam
247 381 327 457 quod
348 380 483 438 corruerit
503 380 633 455 proditor
653 380 794 456 Angelus,

147 460 302 521 Concessio
322 462 425 520 merito
445 461 545 537 pulsus
566 461 735 533 honoribus,

147 543 262 602 Ardens
282 543 403 617 invidia,⁵
417 543 522 619 pellere
543 543 639 600 nititur

229 623 313 696 Quos
334 624 416 682 coelo
437 623 518 682 Deus
539 624 670 683 advocat.
743 701 747 708 ἡ

149 784 217 844 Huc
238 792 335 844 custos
356 785 441 861 igitur
460 785 578 862 pervigil
599 786 711 856 advola,

148 867 287 941 Avertens
307 868 399 943 patria
420 867 456 925 de
477 867 528 941 tibi
549 867 657 926 credita

147 946 224 1006 Tam
245 949 364 1007 morbos
384 948 480 1018 animi,
502 966 591 1023 quam
611 949 793 1024 requiescere

229 1029 379 1104 Quidquid
400 1047 460 1088 non
480 1029 547 1089 sinit
567 1029 686 1088 incolas.

153 1192 213 1263 Qui
233 1191 304 1250 lucis
325 1191 409 1249 Pater
430 1202 481 1262 est,
503 1177 594 1266 gloria
614 1193 651 1250 sit
673 1192 768 1251 Patri:

151 1274 211 1345 Qui
231 1274 280 1330 lux
301 1273 364 1348 ipsa
385 1272 484 1342 Patris,
505 1273 597 1347 gloria
617 1273 708 1331 Filio:

148 1356 368 1429 Amborumque
389 1354 448 1424 tibi,
470 1372 562 1412 nexus
583 1355 724 1425 amabilis

148 1435 276 1511 Compar
296 1435 394 1511 gloria,
418 1434 546 1510 Spiritus.

369 1786 415 1830 AD
437 1784 571 1831 LAUDES·

149 1972 297 2047 Regnator
318 1970 395 2028 orbis
417 1978 547 2030 summus
569 1980 597 2027 et
618 1972 731 2041 arbiter,

149 2053 204 2110 Cui
225 2070 317 2128 prona
338 2051 422 2110 servit
443 2051 520 2108 curia
541 2049 686 2110 Coclitum
697 2072 705 2122 3

149 2133 233 2204 Quae
254 2152 324 2191 voce
347 2133 408 2190 sola
427 2142 459 2189 tu
479 2133 589 2202 creasti,

148 2215 290 2291 Perpetua
310 2215 386 2289 regis
407 2214 469 2289 ipse
491 2231 566 2271 cura.

149 2376 242 2434 Nobis
263 2375 361 2434 fideles
382 2376 517 2450 providus
538 2375 669 2450 Angelos

149 2458 257 2516 Missos
279 2456 407 2532 Olympo
429 2457 594 2532 suppeditas
615 2457 713 2527 duces,

149 2538 208 2609 Qui
229 2556 283 2595 nos
304 2548 346 2594 tot
367 2538 503 2595 obsessos
524 2537 637 2613 periclis

149 2619 312 2676 Incolumes
334 2619 396 2676 sine
417 2619 481 2676 labe
503 2629 630 2676 servent:

148 2776 195 2836 Ne
216 2797 270 2838 nos
291 2780 423 2854 malignis
444 2780 590 2837 fraudibus
610 2797 766 2855 occupans,

152 2858 271 2918 Incauta
291 2859 368 2918 sallat
388 2870 507 2934 pectora
528 2860 666 2917 subdolus

150 2939 257 2999 Suasor
276 2942 418 2999 malorum
428 2959 435 3010 ;
461 2959 498 2997 ne
518 2941 699 3016 redemptam

150 3021 280 3098 Abripiat
301 3022 445 3096 lenietq'ue
465 3020 612 3097 praedam.
