1950 3600
202 240 258 303 SS.
280 241 398 310 Lazari]
419 237 543 310 Manita,
564 215 609 304 cte.
750 260 810 315 149·

230 613 275 656 AD
297 609 450 656 OFFICIUM
472 610 568 656 NOCT·

83 816 240 875 Redditum
259 813 324 883 luci,
345 812 476 872 Domino
496 823 625 885 vocante,
703 849 705 853 ν

82 899 230 967 Lazarum,
251 896 360 965 turbae,
382 894 578 971 domitamque
598 906 722 956 mortem

81 979 228 1038 Laudibus
248 976 344 1053 sestis,>
358 976 540 1052 modulisque
561 978 633 1037 sacri

160 1058 254 1117 Dicite
276 1066 384 1114 cantus.
637 1067 638 1070 ’

82 1223 132 1280 Ille
154 1221 204 1297 qui
224 1220 371 1278 Christum
392 1219 494 1278 meruit
515 1218 656 1294 frequenti

81 1303 237 1378 Hospitem
258 1301 388 1376 gaudens
408 1318 536 1359 recreare
556 1319 666 1370 mensa,

81 1384 218 1442 Foetidus
238 1383 345 1451 clauso,
367 1381 434 1440 data
454 1383 562 1459 praeda
582 1384 676 1452 morti,

162 1463 302 1524 Conditur
322 1472 412 1521 antro.

82 1626 168 1685 Heu!
197 1635 247 1683 tua
266 1642 403 1699 praesens
424 1641 480 1698 ope
501 1625 526 1682 si
545 1624 659 1700 jacenti,

82 1709 153 1766 Fata
174 1707 222 1782 qui
243 1707 378 1781 praescis,
399 1704 489 1775 Deus
511 1707 648 1766 astitisses
659 1727 667 1779 ;

81 1789 204 1858 Viveret,
226 1788 351 1845 necdum
371 1797 567 1862 premerentuu
587 1798 648 1848 atra
673 1806 679 1824 r

162 1869 286 1926 Lumina
306 1879 399 1926 nocte.

80 2026 203 2108 Jamque
223 2037 302 2089 mors
322 2029 396 2088 vitae
416 2030 545 2089 Domino
567 2031 697 2101 solutam,

82 2113 111 2170 Si
130 2114 223 2189 jubes,
244 2111 345 2170 reddet
366 2112 487 2186 spoliata
506 2113 660 2188 praedam:

82 2194 169 2251 Nunc
189 2204 218 2251 et
239 2193 379 2251 extinctus
400 2211 519 2267 superas
540 2195 649 2253 amicus

162 2274 265 2349 Surget
286 2274 323 2331 ad
344 2291 436 2331 auras,

80 2437 157 2494 Ecce
179 2436 272 2493 dilecti
293 2434 424 2509 lacrymis
445 2435 570 2494 honoras

81 2517 214 2593 Hospitis
235 2516 327 2586 funus,
350 2515 519 2592 fremituque
540 2517 639 2592 prodis

81 2598 179 2669 Quam
199 2599 249 2673 pio
270 2597 399 2673 plangas
422 2597 514 2668 Pater,
536 2598 691 2674 impiorum

87 2683 90 2705 ⁸
162 2678 258 2736 Corde
279 2679 399 2735 ruinam.

80 2841 120 2898 Ut
141 2840 256 2898 Patrem
277 2859 392 2916 semper
411 2841 461 2915 pia
482 2839 676 2916 Spiritumque

81 2922 177 2981 Omne
198 2921 280 2997 plebs
301 2932 397 2981 tecum
417 2922 540 2980 celebret
560 2939 612 2998 per
633 2940 735 2979 aevum
821 2936 822 2939 ’

81 3002 203 3073 Christe,
225 3004 374 3062 credentes
394 3004 506 3062 animas
527 3002 670 3062 secundae

162 3083 250 3160 Eripe
270 3085 365 3144 morti.
859 3004 940 3384 s
