1906 3592
198 109 237 168 In
258 109 338 167 Festo
359 108 415 168 SS.
431 111 517 169 Petri
533 116 559 168 et
577 110 674 170 Pauli.
768 126 822 188 357

60 273 164 331 Petrus
188 275 286 331 beatus
309 286 473 331 catenarum
495 273 613 349 laqueos

58 353 180 413 Christo
199 355 318 430 jubente
338 355 413 429 rupit
434 355 597 412 mirabiliter

61 435 172 494 Custos
195 436 283 506 ovilis,
305 445 333 493 et
355 436 455 493 doctor
476 436 632 506 Ecclesiae,

62 517 222 592 Pastorque
244 517 347 592 gregis,
370 526 551 574 conservator
572 518 676 587 ovium,

62 599 151 656 Arcet
173 599 306 673 luporum
328 599 515 655 truculentam
536 599 653 656 rabiem.

64 743 281 820 Quodcumque
303 746 401 803 vinclis
423 764 508 820 super
529 755 632 802 terram
655 747 795 806 strinxerit

63 826 126 883 Erit
148 828 177 883 in
199 828 279 884 astris
301 828 449 901 religatum
470 827 593 897 fortiter3

66 907 102 964 Et
127 909 207 983 quod
229 908 341 965 resolvit
362 909 391 964 in
413 908 491 965 terris
514 907 628 965 arbitrio

64 988 126 1047 Erit
148 990 273 1048 solutum
295 1008 379 1064 super
401 990 473 1047 coeli
494 988 623 1059 radium;

67 1069 100 1126 ln
123 1071 180 1128 fine
201 1071 301 1128 mundi
320 1072 408 1146 judex
430 1071 481 1127 erit
503 1070 617 1127 saeculi.

64 1214 134 1272 Non
157 1216 248 1290 impar
270 1214 374 1271 Paulus
396 1211 471 1283 huic,
493 1214 593 1271 doctor
613 1216 749 1290 gentium,

66 1296 224 1353 Electiouis
246 1289 384 1370 te'mplum
406 1295 637 1365 sacratissimum,

67 1377 100 1432 ln
123 1388 215 1434 morte
237 1395 363 1452 compar,
386 1378 415 1433 in
437 1394 543 1434 corona
564 1377 714 1452 particeps

65 1459 165 1516 Ambo
186 1459 317 1516 lucernae
339 1469 366 1516 et
387 1458 476 1515 decus
497 1457 634 1515 ecclesiae

66 1538 101 1595 ln
123 1541 193 1597 orbe
214 1540 291 1597 claro
313 1548 463 1597 coruscant
484 1539 648 1596 vibramine.

69 1687 96 1746 O
119 1687 217 1745 Roma
238 1686 313 1756 felix,
336 1704 410 1761 quae
432 1696 546 1743 tuorum
568 1685 728 1761 principum

67 1768 108 1826 Es
130 1777 285 1844 purpurata
306 1769 433 1842 pretioso
455 1768 602 1841 sanguine,

67 1849 191 1908 Excellis
213 1867 331 1906 omnem
352 1849 452 1905 mundi
474 1848 721 1923 pulchritudinem,

68 1931 137 1990 Non
159 1931 243 1988 laude
265 1940 314 1986 tua
335 1930 386 1987 sed
408 1939 571 1986 sanctorum
593 1929 708 1997 meritis,

68 2012 153 2084 Quos
174 2011 326 2069 cruentatis
345 2010 482 2086 jugulasti
502 2011 612 2084 gladiis,

68 2160 130 2219 Vos
152 2176 222 2235 ergo
243 2159 333 2216 modo
354 2159 471 2234 gloriosi
492 2168 637 2232 martyres,

69 2242 153 2300 Petre
174 2242 266 2310 beate,
290 2241 377 2297 Paule
399 2241 499 2297 mundi
520 2241 617 2308 lilium,

69 2323 210 2381 Coelestis
232 2322 313 2378 aulae
333 2321 518 2396 triumphales
539 2320 651 2388 militeS,

69 2404 205 2463 Precibus
227 2402 309 2460 almis
331 2403 430 2460 vestris
451 2420 505 2459 nos
526 2401 563 2458 ab
584 2399 717 2457 omnibus

70 2485 183 2543 Munite
204 2485 295 2554 malis
317 2483 387 2541 ferte
409 2502 494 2558 super
515 2482 637 2540 aethera.

70 2635 171 2694 Gloria
192 2632 258 2690 Deo
279 2650 330 2708 per
351 2632 493 2689 immensa
514 2628 641 2697 saecula;

70 2717 111 2775 Sit
133 2715 184 2773 tibi
207 2713 283 2772 Nate
305 2713 393 2770 decus
415 2722 442 2769 et
463 2711 623 2786 imperium,

70 2798 184 2867 Honor,
206 2804 341 2870 potestas
364 2802 521 2866 sanctoque
543 2788 672 2865 Spiritui;

71 2878 112 2937 Sit
136 2877 269 2936 Trinitati
292 2876 367 2934 salus
389 2873 550 2932 individuae

71 2959 125 3019 Per
148 2959 259 3017 infinita
280 2958 461 3016 saeculorum
483 2952 603 3012 saecula.
