1906 3592
297 251 351 290 102

476 227 515 287 In
536 227 617 287 Festo
640 223 771 302 Corporis
794 224 914 289 conta:

457 389 573 462 Quibus
593 389 648 447 sub
667 388 738 449 bina
759 389 857 464 speeie

458 471 585 531 Carnem
599 469 679 528 dedit
698 478 727 528 et
748 472 940 546 sauguinem3

456 552 498 612 Ut
520 551 641 628 duplicis
663 551 840 610 substantiae

457 634 568 693 Totum
589 634 696 702 cibaret
718 632 877 692 hominem.

457 765 495 823 Se
516 782 639 822 nascens
660 763 739 823 dedit
760 765 883 836 socium,

457 847 643 905 Convescens
663 847 693 903 in
714 845 862 904 edulium:

459 928 498 987 Se
518 927 645 986 moriens
666 927 696 984 ln
715 927 849 1002 pretium,

459 1009 498 1068 Se
518 1024 643 1084 regnans
664 1008 713 1066 dat
734 1009 764 1064 in
784 1009 949 1084 praemium

459 1140 487 1199 O
509 1139 639 1198 salutaris
660 1138 775 1209 Hostia,

459 1221 544 1292 Quae
566 1220 639 1278 coeli
659 1219 764 1296 pandis
785 1222 912 1280 ostium:

459 1302 541 1360 Bella
560 1311 695 1377 premunt
716 1301 848 1373 hostilia;

459 1383 507 1441 Da
527 1383 623 1453 robur,
644 1382 686 1441 fer
707 1383 853 1441 auxilium.

460 1514 520 1585 Qui
542 1531 627 1571 carne
648 1531 702 1571 nos
723 1514 819 1589 pascis
840 1523 898 1585 tua,

462 1594 504 1653 Sit
525 1595 588 1653 laus
609 1595 668 1666 tibi,
691 1594 792 1652 Pastor
813 1595 901 1669 bone,

460 1675 537 1734 Cum
559 1676 642 1733 Patre
664 1693 788 1751 cumque
811 1675 929 1757 Spiritu,

461 1757 497 1814 In
518 1758 692 1833 sempiterna
713 1757 816 1816 secula.

494 1997 539 2038 AD
561 1995 723 2038 SECUNDAS
746 1994 909 2039 VESPERAS.

461 2115 568 2188 Pange,
590 2114 695 2188 lingua,
717 2115 834 2188 gloriosi

462 2195 601 2270 Corporis
621 2196 797 2269 mysterium,

462 2276 674 2351 Sanguinisque
694 2277 811 2352 pretiosi

462 2356 561 2428 Quem
582 2358 611 2413 in
632 2357 733 2414 mundi
753 2357 885 2432 pretium,

462 2438 583 2496 Fructus
604 2439 708 2496 ventris
729 2440 871 2512 generosi,

462 2519 528 2577 Rex
549 2519 649 2576 effudit
669 2520 808 2593 gentium.

461 2650 556 2708 Nobis
576 2650 668 2720 datus,
691 2651 775 2709 nobis
796 2660 879 2711 natus

462 2732 507 2789 Ex
529 2733 634 2790 intacta
654 2731 782 2806 Virgine,

462 2814 500 2871 Et
521 2814 551 2870 in
571 2812 682 2870 mundo
704 2821 895 2882 conversatus,

463 2895 571 2970 Sparso
592 2894 670 2971 verbi
691 2894 808 2963 semine,

464 2976 514 3033 Sui
535 2993 631 3032 moras
652 2974 792 3031 incolatus

463 3056 540 3114 Miro
561 3054 661 3127 clausit
681 3053 790 3112 ordine.
