<?xml version="1.0" encoding="UTF-8"?>
<!DOCTYPE html PUBLIC "-//W3C//DTD XHTML 1.0 Transitional//EN"
    "http://www.w3.org/TR/xhtml1/DTD/xhtml1-transitional.dtd">
<html xmlns="http://www.w3.org/1999/xhtml" xml:lang="en" lang="en">
 <head>
  <title>
</title>
<meta http-equiv="Content-Type" content="text/html;charset=utf-8" />
  <meta name='ocr-system' content='tesseract 3.04.00' />
  <meta name='ocr-capabilities' content='ocr_page ocr_carea ocr_par ocr_line ocrx_word'/>
</head>
<body>
  <div class='ocr_page' id='page_1' title='image "./hymniecclesiae00churgoog_0109.png"; bbox 0 0 1906 3592; ppageno 0'>
   <div class='ocr_carea' id='block_1_1' title="bbox 309 227 346 280">
    <p class='ocr_par' dir='ltr' id='par_1_1' title="bbox 309 227 346 280">
     <span class='ocr_line' id='line_1_1' title="bbox 309 227 346 280; baseline 0 0"><span class='ocrx_word' id='word_1_1' title='bbox 309 227 346 280; x_wconf 88' lang='lat'>88</span> 
     </span>
    </p>
   </div>
   <div class='ocr_carea' id='block_1_2' title="bbox 522 218 896 280">
    <p class='ocr_par' dir='ltr' id='par_1_2' title="bbox 522 218 896 280">
     <span class='ocr_line' id='line_1_2' title="bbox 522 218 896 280; baseline 0.005 -2"><span class='ocrx_word' id='word_1_2' title='bbox 522 218 561 278; x_wconf 84' lang='lat' dir='ltr'>In</span> <span class='ocrx_word' id='word_1_3' title='bbox 585 219 689 278; x_wconf 76' lang='lat' dir='ltr'>Octava</span> <span class='ocrx_word' id='word_1_4' title='bbox 710 222 896 280; x_wconf 63' lang='lat' dir='ltr'>Ascensum.</span> 
     </span>
    </p>
   </div>
   <div class='ocr_carea' id='block_1_3' title="bbox 430 383 895 622">
    <p class='ocr_par' dir='ltr' id='par_1_3' title="bbox 430 383 895 622">
     <span class='ocr_line' id='line_1_3' title="bbox 430 383 848 453; baseline 0 -12"><span class='ocrx_word' id='word_1_5' title='bbox 430 384 496 442; x_wconf 91' lang='lat' dir='ltr'>Pios</span> <span class='ocrx_word' id='word_1_6' title='bbox 516 384 615 441; x_wconf 86' lang='lat' dir='ltr'>locans</span> <span class='ocrx_word' id='word_1_7' title='bbox 632 383 670 441; x_wconf 88' lang='lat' dir='ltr'>ad</span> <span class='ocrx_word' id='word_1_8' title='bbox 691 383 848 453; x_wconf 85' lang='lat' dir='ltr'>dexteram,</span> 
     </span>
     <span class='ocr_line' id='line_1_4' title="bbox 430 465 847 540; baseline 0.002 -18"><span class='ocrx_word' id='word_1_9' title='bbox 430 465 553 540; x_wconf 88' lang='lat' dir='ltr'>Repellit</span> <span class='ocrx_word' id='word_1_10' title='bbox 574 465 611 522; x_wconf 88' lang='lat' dir='ltr'>ad</span> <span class='ocrx_word' id='word_1_11' title='bbox 632 465 742 523; x_wconf 89' lang='lat' dir='ltr'>laevam</span> <span class='ocrx_word' id='word_1_12' title='bbox 763 483 847 523; x_wconf 91' lang='lat' dir='ltr'>reos:</span> 
     </span>
     <span class='ocr_line' id='line_1_5' title="bbox 431 545 895 622; baseline 0.002 -19"><span class='ocrx_word' id='word_1_13' title='bbox 431 546 517 604; x_wconf 90' lang='lat' dir='ltr'><strong>Novit</strong></span> <span class='ocrx_word' id='word_1_14' title='bbox 537 563 656 622; x_wconf 82' lang='lat' dir='ltr'>gregem</span> <span class='ocrx_word' id='word_1_15' title='bbox 678 545 779 604; x_wconf 84' lang='lat' dir='ltr'>Pastor</span> <span class='ocrx_word' id='word_1_16' title='bbox 799 565 895 617; x_wconf 91' lang='lat' dir='ltr'>suum,</span> 
     </span>
    </p>
   </div>
   <div class='ocr_carea' id='block_1_4' title="bbox 430 627 847 703">
    <p class='ocr_par' dir='ltr' id='par_1_4' title="bbox 430 627 847 703">
     <span class='ocr_line' id='line_1_6' title="bbox 430 627 847 703; baseline -0.002 -17"><span class='ocrx_word' id='word_1_17' title='bbox 430 627 508 686; x_wconf 86' lang='lat' dir='ltr'>Oves</span> <span class='ocrx_word' id='word_1_18' title='bbox 528 629 566 685; x_wconf 91' lang='lat' dir='ltr'>ab</span> <span class='ocrx_word' id='word_1_19' title='bbox 585 627 684 686; x_wconf 85' lang='lat' dir='ltr'>haedis</span> <span class='ocrx_word' id='word_1_20' title='bbox 705 638 847 703; x_wconf 82' lang='lat' dir='ltr'>segregat.</span> 
     </span>
    </p>
   </div>
   <div class='ocr_carea' id='block_1_5' title="bbox 429 773 913 1092">
    <p class='ocr_par' dir='ltr' id='par_1_5' title="bbox 429 773 913 1092">
     <span class='ocr_line' id='line_1_7' title="bbox 430 773 830 851; baseline -0.003 -18"><span class='ocrx_word' id='word_1_21' title='bbox 430 775 477 833; x_wconf 83' lang='lat' dir='ltr'>Ad</span> <span class='ocrx_word' id='word_1_22' title='bbox 496 773 606 851; x_wconf 89' lang='lat' dir='ltr'>Judicis</span> <span class='ocrx_word' id='word_1_23' title='bbox 626 774 727 832; x_wconf 91' lang='lat' dir='ltr'>sedent</span> <span class='ocrx_word' id='word_1_24' title='bbox 747 774 830 844; x_wconf 71' lang='lat' dir='ltr'>latus</span> 
     </span>
     <span class='ocr_line' id='line_1_8' title="bbox 429 856 913 930; baseline 0.004 -18"><span class='ocrx_word' id='word_1_25' title='bbox 429 856 621 930; x_wconf 90' lang='lat' dir='ltr'>Quicumque,</span> <span class='ocrx_word' id='word_1_26' title='bbox 643 856 744 930; x_wconf 90' lang='lat' dir='ltr'>spretis</span> <span class='ocrx_word' id='word_1_27' title='bbox 765 856 913 925; x_wconf 79' lang='lat' dir='ltr'>ommbuS,</span> 
     </span>
     <span class='ocr_line' id='line_1_9' title="bbox 429 935 874 1012; baseline 0.002 -19"><span class='ocrx_word' id='word_1_28' title='bbox 429 937 539 1012; x_wconf 84' lang='lat' dir='ltr'>Fugere</span> <span class='ocrx_word' id='word_1_29' title='bbox 560 935 701 993; x_wconf 89' lang='lat' dir='ltr'>mundum</span> <span class='ocrx_word' id='word_1_30' title='bbox 721 953 874 1011; x_wconf 81' lang='lat' dir='ltr'>pauperes,</span> 
     </span>
     <span class='ocr_line' id='line_1_10' title="bbox 431 1016 821 1092; baseline 0.003 -18"><span class='ocrx_word' id='word_1_31' title='bbox 431 1017 525 1074; x_wconf 90' lang='lat' dir='ltr'>Deum</span> <span class='ocrx_word' id='word_1_32' title='bbox 546 1016 635 1074; x_wconf 89' lang='lat' dir='ltr'>secuti</span> <span class='ocrx_word' id='word_1_33' title='bbox 656 1035 821 1092; x_wconf 83' lang='lat' dir='ltr'>pauperem.</span> 
     </span>
    </p>
   </div>
   <div class='ocr_carea' id='block_1_6' title="bbox 428 1130 898 1466">
    <p class='ocr_par' dir='ltr' id='par_1_6' title="bbox 428 1130 898 1466">
     <span class='ocr_line' id='line_1_11' title="bbox 428 1130 898 1240; baseline -0.011 -16"><span class='ocrx_word' id='word_1_34' title='bbox 428 1165 505 1224; x_wconf 85' lang='lat' dir='ltr'>Crux</span> <span class='ocrx_word' id='word_1_35' title='bbox 526 1173 591 1222; x_wconf 88' lang='lat' dir='ltr'>ante</span> <span class='ocrx_word' id='word_1_36' title='bbox 613 1130 729 1240; x_wconf 72' lang='lat' dir='ltr'>Jubaeis</span> <span class='ocrx_word' id='word_1_37' title='bbox 750 1163 898 1237; x_wconf 88' lang='lat' dir='ltr'>probrum,</span> 
     </span>
     <span class='ocr_line' id='line_1_12' title="bbox 429 1244 849 1318; baseline -0.007 -14"><span class='ocrx_word' id='word_1_38' title='bbox 429 1246 597 1304; x_wconf 83' lang='lat' dir='ltr'>Ludibrium</span> <span class='ocrx_word' id='word_1_39' title='bbox 618 1262 686 1303; x_wconf 83' lang='lat' dir='ltr'>crux</span> <span class='ocrx_word' id='word_1_40' title='bbox 706 1244 849 1318; x_wconf 85' lang='lat' dir='ltr'>gentibus,</span> 
     </span>
     <span class='ocr_line' id='line_1_13' title="bbox 430 1325 849 1401; baseline -0.007 -17"><span class='ocrx_word' id='word_1_41' title='bbox 430 1328 534 1386; x_wconf 91' lang='lat' dir='ltr'>Terror</span> <span class='ocrx_word' id='word_1_42' title='bbox 555 1327 618 1395; x_wconf 88' lang='lat' dir='ltr'>reis,</span> <span class='ocrx_word' id='word_1_43' title='bbox 639 1325 737 1401; x_wconf 90' lang='lat' dir='ltr'>probis</span> <span class='ocrx_word' id='word_1_44' title='bbox 759 1343 849 1394; x_wconf 91' lang='lat' dir='ltr'>amor,</span> 
     </span>
     <span class='ocr_line' id='line_1_14' title="bbox 431 1406 832 1466; baseline -0.007 0"><span class='ocrx_word' id='word_1_45' title='bbox 431 1410 551 1466; x_wconf 88' lang='lat' dir='ltr'>Summo</span> <span class='ocrx_word' id='word_1_46' title='bbox 572 1407 689 1465; x_wconf 87' lang='lat' dir='ltr'>micabit</span> <span class='ocrx_word' id='word_1_47' title='bbox 710 1406 832 1464; x_wconf 83' lang='lat' dir='ltr'>aethere.</span> 
     </span>
    </p>
   </div>
   <div class='ocr_carea' id='block_1_7' title="bbox 429 1553 926 1873">
    <p class='ocr_par' dir='ltr' id='par_1_7' title="bbox 429 1553 926 1792">
     <span class='ocr_line' id='line_1_15' title="bbox 429 1553 840 1631; baseline -0.015 -16"><span class='ocrx_word' id='word_1_48' title='bbox 429 1558 529 1614; x_wconf 85' lang='lat' dir='ltr'>Fixere</span> <span class='ocrx_word' id='word_1_49' title='bbox 551 1573 638 1631; x_wconf 90' lang='lat' dir='ltr'>quem</span> <span class='ocrx_word' id='word_1_50' title='bbox 659 1554 737 1612; x_wconf 89' lang='lat' dir='ltr'>dirae</span> <span class='ocrx_word' id='word_1_51' title='bbox 758 1553 840 1623; x_wconf 87' lang='lat' dir='ltr'>trabi,</span> 
     </span>
     <span class='ocr_line' id='line_1_16' title="bbox 429 1635 926 1712; baseline -0.01 -15"><span class='ocrx_word' id='word_1_52' title='bbox 429 1639 562 1706; x_wconf 89' lang='lat' dir='ltr'>Cement,</span> <span class='ocrx_word' id='word_1_53' title='bbox 583 1635 735 1712; x_wconf 88' lang='lat' dir='ltr'>pavebunt,</span> <span class='ocrx_word' id='word_1_54' title='bbox 757 1635 906 1709; x_wconf 87' lang='lat' dir='ltr'>ingement</span> <span class='ocrx_word' id='word_1_55' title='bbox 919 1654 926 1692; x_wconf 91' lang='lat'>:</span> 
     </span>
     <span class='ocr_line' id='line_1_17' title="bbox 429 1718 813 1792; baseline -0.008 -16"><span class='ocrx_word' id='word_1_56' title='bbox 429 1719 518 1776; x_wconf 93' lang='lat' dir='ltr'>Vultu</span> <span class='ocrx_word' id='word_1_57' title='bbox 538 1718 634 1775; x_wconf 88' lang='lat' dir='ltr'>beabit</span> <span class='ocrx_word' id='word_1_58' title='bbox 656 1734 715 1792; x_wconf 90' lang='lat' dir='ltr'>quo</span> <span class='ocrx_word' id='word_1_59' title='bbox 736 1733 813 1786; x_wconf 87' lang='lat' dir='ltr'>suos,</span> 
     </span>
    </p>

    <p class='ocr_par' dir='ltr' id='par_1_8' title="bbox 431 1798 788 1873">
     <span class='ocr_line' id='line_1_18' title="bbox 431 1798 788 1873; baseline -0.011 -15"><span class='ocrx_word' id='word_1_60' title='bbox 431 1801 498 1858; x_wconf 90' lang='lat' dir='ltr'>Hoc</span> <span class='ocrx_word' id='word_1_61' title='bbox 519 1798 682 1856; x_wconf 86' lang='lat' dir='ltr'>territabit</span> <span class='ocrx_word' id='word_1_62' title='bbox 674 1798 788 1873; x_wconf 81' lang='lat' dir='ltr'>impios</span> 
     </span>
    </p>
   </div>
   <div class='ocr_carea' id='block_1_8' title="bbox 402 1948 932 2018">
    <p class='ocr_par' dir='ltr' id='par_1_9' title="bbox 402 1948 932 2018">
     <span class='ocr_line' id='line_1_19' title="bbox 402 1948 932 2018; baseline -0.004 -10"><span class='ocrx_word' id='word_1_63' title='bbox 402 1993 404 1996; x_wconf 87' lang='lat'>-</span> <span class='ocrx_word' id='word_1_64' title='bbox 429 1951 495 2018; x_wconf 88' lang='lat' dir='ltr'>Fac,</span> <span class='ocrx_word' id='word_1_65' title='bbox 518 1948 639 2017; x_wconf 83' lang='lat' dir='ltr'>Christe,</span> <span class='ocrx_word' id='word_1_66' title='bbox 661 1966 697 2004; x_wconf 89' lang='lat' dir='ltr'>ne</span> <span class='ocrx_word' id='word_1_67' title='bbox 718 1964 813 2004; x_wconf 90' lang='lat' dir='ltr'>mores</span> <span class='ocrx_word' id='word_1_68' title='bbox 835 1948 932 2006; x_wconf 89' lang='lat' dir='ltr'>bonos</span> 
     </span>
    </p>
   </div>
   <div class='ocr_carea' id='block_1_9' title="bbox 430 2028 877 2251">
    <p class='ocr_par' dir='ltr' id='par_1_10' title="bbox 430 2028 877 2251">
     <span class='ocr_line' id='line_1_20' title="bbox 430 2028 877 2105; baseline -0.014 -15"><span class='ocrx_word' id='word_1_69' title='bbox 430 2031 561 2105; x_wconf 87' lang='lat' dir='ltr'>Contage</span> <span class='ocrx_word' id='word_1_70' title='bbox 582 2028 707 2086; x_wconf 92' lang='lat' dir='ltr'>mundus</span> <span class='ocrx_word' id='word_1_71' title='bbox 729 2029 877 2102; x_wconf 89' lang='lat' dir='ltr'>inquinet:</span> 
     </span>
     <span class='ocr_line' id='line_1_21' title="bbox 431 2110 847 2184; baseline -0.007 -14"><span class='ocrx_word' id='word_1_72' title='bbox 431 2113 553 2170; x_wconf 90' lang='lat' dir='ltr'>Seceme</span> <span class='ocrx_word' id='word_1_73' title='bbox 574 2129 628 2168; x_wconf 91' lang='lat' dir='ltr'>nos</span> <span class='ocrx_word' id='word_1_74' title='bbox 650 2111 688 2167; x_wconf 94' lang='lat' dir='ltr'>ab</span> <span class='ocrx_word' id='word_1_75' title='bbox 709 2110 847 2184; x_wconf 90' lang='lat' dir='ltr'>improbis</span> 
     </span>
     <span class='ocr_line' id='line_1_22' title="bbox 430 2191 826 2251; baseline -0.01 -1"><span class='ocrx_word' id='word_1_76' title='bbox 430 2193 476 2251; x_wconf 92' lang='lat' dir='ltr'>Ne</span> <span class='ocrx_word' id='word_1_77' title='bbox 496 2193 668 2251; x_wconf 88' lang='lat' dir='ltr'>misceamur</span> <span class='ocrx_word' id='word_1_78' title='bbox 689 2191 826 2248; x_wconf 83' lang='lat' dir='ltr'>sontibus</span> 
     </span>
    </p>
   </div>
   <div class='ocr_carea' id='block_1_10' title="bbox 429 2337 904 2658">
    <p class='ocr_par' dir='ltr' id='par_1_11' title="bbox 430 2337 792 2416">
     <span class='ocr_line' id='line_1_23' title="bbox 430 2337 792 2416; baseline -0.011 -19"><span class='ocrx_word' id='word_1_79' title='bbox 430 2342 558 2399; x_wconf 91' lang='lat' dir='ltr'>Venture</span> <span class='ocrx_word' id='word_1_80' title='bbox 579 2338 674 2416; x_wconf 85' lang='lat' dir='ltr'>Judex</span> <span class='ocrx_word' id='word_1_81' title='bbox 696 2337 792 2405; x_wconf 90' lang='lat' dir='ltr'>seculi,</span> 
     </span>
    </p>

    <p class='ocr_par' dir='ltr' id='par_1_12' title="bbox 429 2418 746 2498">
     <span class='ocr_line' id='line_1_24' title="bbox 429 2418 746 2498; baseline -0.016 -17"><span class='ocrx_word' id='word_1_82' title='bbox 429 2422 506 2498; x_wconf 84' lang='lat' dir='ltr'>Jesu,</span> <span class='ocrx_word' id='word_1_83' title='bbox 527 2421 577 2478; x_wconf 91' lang='lat' dir='ltr'>tibi</span> <span class='ocrx_word' id='word_1_84' title='bbox 599 2421 634 2477; x_wconf 91' lang='lat' dir='ltr'>sit</span> <span class='ocrx_word' id='word_1_85' title='bbox 654 2418 746 2494; x_wconf 88' lang='lat' dir='ltr'>gloria</span> 
     </span>
    </p>

    <p class='ocr_par' dir='ltr' id='par_1_13' title="bbox 432 2496 904 2658">
     <span class='ocr_line' id='line_1_25' title="bbox 432 2496 904 2573; baseline -0.019 -11"><span class='ocrx_word' id='word_1_86' title='bbox 432 2504 507 2562; x_wconf 93' lang='lat' dir='ltr'>Cum</span> <span class='ocrx_word' id='word_1_87' title='bbox 528 2502 620 2571; x_wconf 87' lang='lat' dir='ltr'>Patre,</span> <span class='ocrx_word' id='word_1_88' title='bbox 642 2516 766 2573; x_wconf 91' lang='lat' dir='ltr'>cumque</span> <span class='ocrx_word' id='word_1_89' title='bbox 789 2496 904 2572; x_wconf 87' lang='lat' dir='ltr'>Spiritu,</span> 
     </span>
     <span class='ocr_line' id='line_1_26' title="bbox 434 2580 784 2658; baseline -0.011 -18"><span class='ocrx_word' id='word_1_90' title='bbox 434 2585 466 2640; x_wconf 85' lang='lat' dir='ltr'>ln</span> <span class='ocrx_word' id='word_1_91' title='bbox 487 2584 660 2658; x_wconf 88' lang='lat' dir='ltr'>sempiterna</span> <span class='ocrx_word' id='word_1_92' title='bbox 681 2580 784 2637; x_wconf 86' lang='lat' dir='ltr'>secula.</span> 
     </span>
    </p>
   </div>
   <div class='ocr_carea' id='block_1_11' title="bbox 485 2755 927 2804">
    <p class='ocr_par' dir='ltr' id='par_1_14' title="bbox 485 2755 927 2804">
     <span class='ocr_line' id='line_1_27' title="bbox 485 2755 927 2804; baseline -0.009 0"><span class='ocrx_word' id='word_1_93' title='bbox 485 2762 530 2804; x_wconf 80' lang='lat' dir='ltr'>AD</span> <span class='ocrx_word' id='word_1_94' title='bbox 552 2759 677 2803; x_wconf 80' lang='lat' dir='ltr'><strong>LAUDES</strong></span> <span class='ocrx_word' id='word_1_95' title='bbox 700 2757 742 2801; x_wconf 88' lang='lat' dir='ltr'>ET</span> <span class='ocrx_word' id='word_1_96' title='bbox 765 2755 927 2800; x_wconf 80' lang='lat' dir='ltr'><strong>VESPERAS·</strong></span> 
     </span>
    </p>
   </div>
   <div class='ocr_carea' id='block_1_12' title="bbox 431 2867 932 3173">
    <p class='ocr_par' dir='ltr' id='par_1_15' title="bbox 431 2867 932 3173">
     <span class='ocr_line' id='line_1_28' title="bbox 431 2867 818 2946; baseline -0.021 -15"><span class='ocrx_word' id='word_1_97' title='bbox 431 2873 532 2942; x_wconf 71' lang='lat' dir='ltr'>Nobis</span> <span class='ocrx_word' id='word_1_98' title='bbox 553 2873 671 2946; x_wconf 86' lang='lat' dir='ltr'>olympo</span> <span class='ocrx_word' id='word_1_99' title='bbox 691 2867 818 2926; x_wconf 89' lang='lat' dir='ltr'>redditus</span> 
     </span>
     <span class='ocr_line' id='line_1_29' title="bbox 432 2949 932 3024; baseline -0.014 -13"><span class='ocrx_word' id='word_1_100' title='bbox 432 2953 498 3024; x_wconf 91' lang='lat' dir='ltr'>Qui,</span> <span class='ocrx_word' id='word_1_101' title='bbox 521 2953 641 3021; x_wconf 88' lang='lat' dir='ltr'>Christe,</span> <span class='ocrx_word' id='word_1_102' title='bbox 664 2949 748 3008; x_wconf 89' lang='lat' dir='ltr'>sedes</span> <span class='ocrx_word' id='word_1_103' title='bbox 769 2965 932 3021; x_wconf 87' lang='lat' dir='ltr'>praeparas,</span> 
     </span>
     <span class='ocr_line' id='line_1_30' title="bbox 432 3029 839 3104; baseline -0.02 -14"><span class='ocrx_word' id='word_1_104' title='bbox 432 3033 494 3092; x_wconf 94' lang='lat' dir='ltr'>Nos</span> <span class='ocrx_word' id='word_1_105' title='bbox 515 3033 613 3091; x_wconf 81' lang='lat' dir='ltr'>exules</span> <span class='ocrx_word' id='word_1_106' title='bbox 633 3032 662 3088; x_wconf 92' lang='lat' dir='ltr'>in</span> <span class='ocrx_word' id='word_1_107' title='bbox 682 3029 803 3104; x_wconf 88' lang='lat' dir='ltr'>patriam</span> <span class='ocrx_word' id='word_1_108' title='bbox 836 3072 839 3076; x_wconf 88' lang='lat'>.</span> 
     </span>
     <span class='ocr_line' id='line_1_31' title="bbox 432 3108 821 3173; baseline -0.013 -3"><span class='ocrx_word' id='word_1_109' title='bbox 432 3114 543 3173; x_wconf 86' lang='lat' dir='ltr'>Trahas</span> <span class='ocrx_word' id='word_1_110' title='bbox 564 3113 670 3170; x_wconf 89' lang='lat' dir='ltr'>amoris</span> <span class='ocrx_word' id='word_1_111' title='bbox 690 3108 821 3165; x_wconf 84' lang='lat' dir='ltr'>nexibus.</span> 
     </span>
    </p>
   </div>
   <div class='ocr_carea' id='block_1_13' title="bbox 0 0 958 3592">
    <p class='ocr_par' dir='ltr' id='par_1_16' title="bbox 0 0 958 3592">
     <span class='ocr_line' id='line_1_32' title="bbox 0 0 958 3592; baseline 0 0"><span class='ocrx_word' id='word_1_112' title='bbox 0 0 958 3592; x_wconf 95' lang='lat' dir='ltr'> </span> 
     </span>
    </p>
   </div>
  </div>
 </body>
</html>
