1906 3592
165 258 219 299 110
369 236 408 297 In
429 237 651 298 Praesmlatt'one
670 235 797 298 Domam'.

240 403 299 461 Hic
320 402 415 461 omnis
436 411 523 472 aetas,
545 401 640 460 omnis
660 410 690 460 et
711 403 820 460 adstitit

240 485 342 550 Sexus,
364 485 527 560 propinquo
549 482 677 541 Numine
698 483 828 559 plenior3

239 566 351 624 Omnes
370 563 529 623 anhelantis
549 573 592 622 tot
613 581 706 624 annos

240 641 327 705 Nunc
348 647 415 704 fidei
435 646 559 722 pretium
579 656 735 721 reportant.

241 802 346 867 Testes
366 817 409 866 tot
429 809 509 878 inter,
530 809 728 884 magnanimo,
750 807 842 878 Deua,

241 880 310 949 Tibi
330 888 427 948 litabat
448 890 531 947 firma
551 889 664 948 silentio

240 964 331 1029 Verbi
352 971 460 1030 silentis
480 979 561 1029 muta
580 980 690 1029 mater:

242 1052 354 1111 Cuncta
375 1053 473 1110 animo
493 1052 607 1128 penitus
628 1052 788 1129 premebat.

803 1168 819 1203 0

241 1214 283 1272 Sit
305 1231 419 1272 summa
439 1213 524 1285 Patri,
546 1231 717 1290 summaque
739 1216 822 1287 Filio,

241 1296 405 1371 Sanctoque
427 1312 546 1370 compar
566 1296 657 1371 gloria
677 1297 821 1355 Flamini:

242 1377 363 1434 Sanctae
384 1377 497 1435 litemus
519 1375 652 1435 Trinitati

241 1458 384 1533 Perpetuo
405 1458 454 1534 pia
474 1458 562 1516 corda
582 1458 667 1517 cultu.

388 1821 434 1864 AD
456 1820 610 1865 OFFICIUM
633 1821 729 1864 NOCT.

241 2021 366 2081 Fumant
387 2020 506 2079 Sabaeis
527 2021 634 2097 templa
654 2021 827 2095 vaporibus3

243 2105 307 2162 Nos
329 2121 409 2161 sacra
429 2112 568 2178 poscunt:
588 2105 649 2179 J'am
670 2103 761 2177 praeit
782 2104 891 2175 hostia;

242 2186 403 2260 Sequemur
424 2201 534 2254 omnes,
556 2193 585 2242 et
605 2184 730 2241 vicissim

242 2267 319 2324 Puro
340 2266 438 2323 animo
458 2283 602 2324 memores
623 2266 746 2324 litemus.

243 2427 356 2485 Lumen
376 2427 516 2484 ministret
537 2426 713 2502 splendidior
735 2428 825 2486 fides}

242 2508 385 2566 Ministret
405 2507 487 2581 ignes
508 2508 643 2566 flammea
663 2509 765 2568 caritas
776 2529 784 2579 ;

242 2589 412 2664 Fundatque
434 2588 545 2646 divinos
566 2588 689 2647 honores

242 2670 389 2729 Innocuae
409 2670 487 2727 bona
507 2669 585 2728 fama
605 2671 687 2728 vitae.

241 2832 325 2890 Vitae
346 2832 476 2889 nocentis
497 2831 566 2906 quid
587 2831 724 2890 trahimus
745 2834 865 2891 moras?

244 2914 285 2971 Sit
306 2913 350 2972 fas
370 2914 456 2970 beato
477 2929 544 2969 cum
566 2931 635 2970 sene
656 2916 798 2972 commori
809 2934 817 2985 ;

173 3012 174 3015 ’
243 2994 284 3053 Ut
304 3011 392 3069 quem
414 2993 468 3050 sub
489 2992 545 3048 aris
566 2993 746 3051 immolatum
829 2988 833 2994 ’

242 3073 385 3144 Vidimus,
407 3073 463 3130 hoc
484 3072 571 3129 etiam
592 3073 727 3132 fruamur.
