1950 3600
485 244 613 305 Sabbata.

309 412 425 470 Amoris
447 408 475 467 O
496 406 686 466 miraculumi

310 494 338 553 O
359 492 454 551 cordis
475 488 593 547 humani
615 490 734 562 stupor!

308 576 414 633 Insons
435 572 516 630 Deus
537 570 602 628 neci
622 569 705 627 datur
716 587 726 638 3

309 655 422 732 Pigebit
442 662 471 712 et
491 661 589 712 sontes
610 651 687 726 pati!

311 818 375 877 Nos
396 814 575 891 sempiternis
597 831 666 871 crux
687 820 746 880 tua,

311 900 340 958 Ο
361 898 482 967 Christe,
504 895 629 953 fiammis
651 893 738 950 eruit:

313 980 371 1038 Hic
392 997 443 1036 ure
461 977 575 1045 vindex,
598 975 645 1032 hic
668 990 743 1042 seca,

313 1062 418 1119 Parcas
440 1061 471 1116 in
493 1067 642 1116 aeternum
663 1054 765 1112 modo.

313 1224 390 1282 Caso
410 1220 545 1279 reclamat
555 1238 564 1289 ;
586 1217 638 1277 sed
659 1216 751 1274 Patris

313 1305 405 1380 Urget
427 1303 574 1360 voluntas:
595 1317 650 1358 nos
671 1308 721 1356 tua

313 1386 427 1442 Virtute
447 1383 485 1441 da
505 1382 592 1439 fortes
614 1380 704 1455 sequi,

319 1467 397 1544 Jesu,
419 1463 499 1540 quod
520 1461 655 1536 exemplo
677 1460 776 1518 doces.

315 1630 418 1687 Livore
440 1634 555 1683 sanatos
576 1633 635 1692 tu0,

317 1711 443 1784 Tuoque
463 1707 540 1764 lotos
561 1703 710 1778 sanguine,

317 1788 469 1849 Peccando
490 1804 527 1843 ne
548 1802 653 1842 novam
675 1783 753 1841 sinas

317 1873 420 1931 Pasare
440 1885 495 1925 nos
515 1867 567 1923 tibi
587 1882 710 1923 crucem.

317 2033 376 2104 Qui
398 2030 502 2088 Filium
522 2027 614 2096 tradit,
637 2025 720 2095 Patri,

317 2115 452 2188 Natoque
473 2111 509 2168 sit
530 2109 591 2167 laus
612 2108 761 2165 victimae:

319 2196 374 2253 Par
395 2195 430 2252 sit
450 2192 501 2249 tibi
522 2191 592 2259 lauS,
613 2189 662 2264 qui
684 2205 796 2245 sacram

320 2274 476 2334 Succendis
498 2290 586 2341 aram,
609 2270 736 2345 Spiritus.

514 2426 601 2438 -ι

462 2556 658 2617 SABBATO.

390 2708 436 2750 An
457 2703 611 2749 omciuu
633 2701 728 2744 Nocr.

323 2821 458 2880 Tandem
479 2818 609 2894 peractis,
631 2816 659 2874 O
680 2815 772 2883 Deus,

325 2904 413 2962 Sexto
434 2902 545 2958 dierum
566 2898 662 2966 limite,

323 2985 411 3043 Ponis
432 2983 553 3040 modum
574 2979 739 3046 laboribus*

323 3066 451 3140 Orbique
473 3062 586 3139 plaudis
606 3059 733 3118 condito.
