1906 3592
210 274 269 334 370
412 260 450 318 In
471 261 553 318 Festo
573 259 605 320 S.
621 261 801 323 Sacrammti.

315 626 360 685 IN
381 627 512 687 FESTO
534 627 562 686 S.
586 628 873 689 SACRAMENTr.

363 872 464 929 Lauda
485 871 555 929 Sion
578 871 763 945 Salvatorem,

364 953 464 1011 Lauda
485 953 589 1010 ducem
611 964 639 1011 et
661 965 808 1031 pastorem

404 1035 439 1091 ln
460 1034 576 1108 hymnis
596 1045 625 1092 et
646 1037 774 1107 canticiS,

363 1115 512 1186 Quantum
532 1125 616 1190 potes
637 1127 750 1175 tantum
771 1119 840 1176 aude

362 1197 439 1267 Quia
460 1198 552 1272 major
575 1199 656 1254 omni
677 1199 771 1270 laude,

400 1277 463 1336 Nee
484 1278 599 1335 laudare
621 1280 735 1337 sufficia

359 1440 465 1513 Laudis
485 1440 582 1497 thema
603 1442 745 1516 specialis,

357 1522 441 1579 Panis
463 1523 541 1579 vivus
563 1532 590 1579 et
611 1523 703 1580 vitalis

396 1603 493 1660 Hodie
514 1604 692 1678 proponitur.

355 1684 451 1754 Quem
473 1685 503 1740 in
525 1702 621 1742 sacrae
643 1702 746 1742 mensa
767 1700 866 1743 coenae

354 1765 469 1822 Turbae
491 1764 608 1822 fratrum
630 1765 783 1824 duodenae

393 1846 500 1903 Datum
522 1864 582 1903 non
604 1847 767 1921 ambigitur.

352 2007 392 2063 Sit
413 2007 474 2064 laus
495 2008 588 2082 plena,
611 2010 646 2066 sit
668 2026 781 2071 sonora,

352 2089 392 2144 Sit
412 2090 546 2162 jucunda
570 2091 605 2147 sit
627 2090 734 2147 decora

389 2170 497 2227 Mentis
516 2171 654 2245 jubilatio,

350 2251 419 2309 Dies
442 2253 518 2308 enim
543 2252 679 2309 solemnis
703 2252 802 2325 agitur,

349 2333 383 2388 ln
405 2351 462 2407 qua
483 2351 600 2390 mensae
622 2333 715 2408 prima
736 2332 864 2389 recolitur

388 2413 483 2488 Hujus
505 2415 651 2471 institutio,

345 2576 377 2630 In
399 2576 452 2632 hac
474 2594 575 2632 mensa
595 2578 661 2634 novi
683 2577 758 2650 regis

343 2655 456 2713 Novum
479 2656 589 2714 Pascha
610 2674 701 2714 novae
723 2657 795 2732 legis
852 2661 854 2665 ’

381 2737 473 2795 Phase
494 2747 573 2795 vetus
595 2737 737 2796 terminat.

341 2817 519 2876 Vetustatem
541 2820 660 2890 novitas,
698 2864 702 2872 ,

339 2898 481 2956 Umbram
503 2899 583 2975 fugat
604 2902 717 2965 veritam

377 2979 501 3038 Noctem
523 2981 570 3038 lux
592 2983 727 3039 eliminat.

432 3112 445 3135 *
464 3113 563 3158 Habetur
579 3122 600 3159 et
617 3114 640 3159 in
658 3114 729 3158 Rom.

294 3326 421 3368 A
