1906 3592
269 245 323 297 108

456 243 495 303 In
519 243 698 305 Conuersrhne
718 245 751 306 S.
765 247 865 309 Pauli.

426 406 557 466 Christus
578 408 679 480 instat3
704 409 897 485 impotentem

428 486 544 559 Caecat,
565 498 656 564 urget,
678 491 792 567 dejicit:

427 568 479 627 Ille
500 570 575 628 cedit
596 572 756 646 imperanti,

427 649 525 727 Seque
545 659 638 709 totum
659 654 789 730 subjicit:

370 743 373 748 ’
426 731 576 791 Insecutor
596 743 662 792 ante
683 733 798 806 Christi,

427 813 537 872 Praeco
558 811 705 873 Christum
725 826 873 892 personat.

429 976 506 1034 Ante
526 976 629 1052 plenus
650 979 700 1053 qui
719 979 866 1038 minarum

429 1056 621 1133 Praeparabat
641 1059 762 1131 vincula,

407 1137 517 1208 Nune
537 1147 671 1210 tremens,
693 1158 747 1198 nec
765 1142 828 1217 jam
849 1141 948 1201 rebelli

429 1219 485 1277 Per
504 1237 609 1279 manus
630 1220 795 1280 deducitur:

430 1299 491 1371 Qui
511 1301 595 1376 lupus
616 1318 706 1377 rapax
727 1302 848 1370 furebat,

430 1380 517 1441 Nunc
539 1384 568 1439 in
589 1400 697 1458 agnum
718 1385 842 1443 vertitur.

430 1543 520 1614 Dura,
542 1541 663 1610 Christe,
685 1563 774 1621 quam
794 1548 908 1622 potenti

432 1624 529 1683 Corda
549 1643 645 1686 versas
666 1626 800 1684 dextera!

433 1705 493 1776 Qui
513 1715 595 1764 tuum
616 1707 711 1765 delere
732 1725 842 1766 nomen

432 1784 503 1844 Vult
523 1797 638 1846 tuorum
659 1789 808 1863 sanguine,

433 1867 607 1938 Universum
627 1887 697 1927 mox
717 1888 771 1945 per
791 1871 894 1928 orbem

434 1948 502 2024 Ipse
523 1951 641 2008 clarabit
661 1967 724 2009 suo,
813 2015 816 2019 ,

435 2111 477 2169 Sit
498 2129 633 2187 suprema
653 2111 715 2170 laus
736 2112 860 2184 Parenti‚

435 2192 495 2264 Qui
516 2194 620 2251 creavit
641 2193 755 2251 omnia:

435 2273 566 2349 Filioque
587 2274 637 2351 qui
659 2275 780 2333 redemit

436 2353 533 2413 Morte
553 2373 608 2415 nos
629 2356 729 2415 volens
750 2373 819 2415 sua:
915 2371 922 2381 ·

436 2435 491 2493 Par
513 2445 541 2494 et
562 2436 609 2507 illi,
631 2438 713 2514 cujus
735 2437 812 2495 almo

438 2515 635 2574 Confovemur
655 2518 752 2577 halitu.

575 2710 624 2768 Au
643 2710 779 2783 munus.

317 2847 401 2917 Quae
422 2847 585 2922 gloriosum
602 2854 681 2904 tanta
702 2844 789 2903 coelis
810 2852 911 2902 evocat

317 2928 372 2994 Te,
394 2928 516 3000 Christe,
538 2927 644 2986 causa?
669 2935 737 2983 tune
757 2942 870 2982 rursum
891 2925 951 2983 vise

316 3008 461 3066 Mundum
481 3007 667 3083 redemptor?
691 3015 759 3061 tune
778 3002 874 3079 Judex
896 3022 953 3062 see

318 3090 474 3149 Novumne
494 3090 595 3166 prodis
615 3086 690 3145 ultor
711 3081 825 3140 hostem
846 3083 949 3157 perder
