1906 3592
132 267 187 320 ¹¹4

339 242 378 301 In
397 238 617 298 Ammun'one
634 238 721 300 Dom.

291 405 351 478 Qui
371 411 474 463 cuncta
493 402 619 478 complet
639 405 773 475 numine,

292 487 416 546 Nostros
436 502 468 544 se
489 485 520 541 in
539 493 617 543 artus
636 485 768 561 colligit:

294 568 335 627 Ut
355 585 411 624 nos
429 565 546 623 reducat
566 565 603 622 ad
624 564 734 638 Deum,

294 649 331 707 Et
351 650 413 724 ipse
434 647 585 705 nobiscum
605 645 697 706 Deus.

296 810 412 869 Mundo
429 809 593 884 redemptor
613 809 663 885 qui
685 812 779 880 venis,

297 891 356 963 Fili,
378 892 429 950 ml
450 891 515 949 laus
533 891 661 948 maxima

296 973 373 1031 Cum
394 973 494 1030 Patre:
521 989 575 1040 nec
596 971 647 1030 tibi
667 972 768 1030 minor

296 1053 382 1125 Laus,
403 1054 551 1128 utriusque
573 1051 705 1129 Spiritus.

365 1383 417 1426 Ar>
435 1383 590 1428 OFFICIUM
612 1384 710 1429 NOCT-

301 1591 442 1650 Coclestis
460 1588 531 1645 Ales
551 1588 661 1647 nuntiat

302 1671 453 1748 lmplenda
473 1687 542 1726 mox
564 1669 719 1744 mysteria:

302 1753 413 1810 Virtute
433 1750 576 1818 foecunda
595 1749 679 1811 Deus

301 1833 422 1908 illapsus
443 1832 541 1907 implet
562 1831 722 1907 Virginem.

306 1994 409 2066 Qualis
430 1993 573 2068 stupendo
592 1993 685 2069 gloria

304 2076 359 2145 Te,
380 2075 480 2150 Virg0,
502 2075 539 2132 de
559 2084 643 2150 partu
664 2080 782 2136 manetl

304 2157 471 2232 Conceptus
491 2156 521 2212 in
541 2166 591 2213 tuo
612 2156 686 2227 sinu,

306 2238 399 2296 Natus
419 2237 494 2305 Deo,
514 2255 590 2295 nunc
611 2247 654 2294 cst
675 2249 751 2298 tuus

307 2400 352 2458 De
373 2399 501 2475 virginali
522 2398 670 2474 sanguiue,

252 2484 260 2497 ‘
307 2480 405 2552 Quem
426 2481 503 2538 nulla
523 2481 603 2538 labes
623 2480 722 2551 inficit,
789 2484 794 2494 ’

307 2562 447 2638 Fingente
468 2573 568 2620 sancto
590 2561 705 2636 Spiritu,

307 2641 412 2702 Christi
432 2661 500 2701 caro
520 2643 721 2718 compingitur.

310 2803 404 2863 Nobis
425 2804 572 2880 perhanc
592 2805 762 2864 mortalibus

310 2885 451 2944 Lactescit
472 2904 539 2944 esca
559 2884 718 2944 Coclitum:

312 2966 375 3024 Nos
395 2968 487 3041 pascit
507 2967 628 3023 infantes
649 2966 748 3036 homo,
819 2991 823 2996 ·

313 3046 373 3117 Qui
392 3047 483 3122 pascit
503 3047 623 3120 angelos
644 3047 735 3114 Deus,
