1950 3600
245 261 284 320 In
305 258 386 317 Festo
406 256 439 317 S.
447 254 558 334 Josepl.
748 253 801 308 281
852 262 856 269 '

81 426 124 484 sit
147 423 280 482 Trinitati
303 421 476 498 sempiterna
495 419 594 494 gloria,

81 507 197 576 Honor,
218 513 354 582 potestas,
377 512 463 578 atque
482 500 620 579 jubilatio,

81 588 117 644 ln
138 588 246 646 unitate
267 603 342 664 quae
362 583 505 659 gubernat
526 581 633 651 omnia,

83 669 140 726 Per
159 670 291 728 universa
311 665 484 724 aeternitatis
505 661 626 722 saecula.

306 928 352 987 IN
373 924 505 987 FESTO

150 1044 178 1101 S.
199 1040 353 1119 JOSEPH
375 1036 663 1101 CONFESSORIS.

216 1203 252 1246 m
275 1202 436 1261 irrmsous
458 1199 609 1244 vassalus.

85 1316 140 1385 Te,
162 1313 280 1392 Joseph,
303 1314 446 1373 celebrent
467 1312 584 1388 agmina
604 1311 747 1380 coelitum,

87 1398 133 1455 Te
154 1396 249 1454 cuncti
269 1405 404 1454 resonent
425 1393 619 1454 Christiadum
640 1393 727 1464 chori,

86 1477 147 1550 Qui
168 1477 260 1536 clarus
280 1477 397 1548 meritis,
417 1478 533 1552 junctus
554 1494 586 1534 es
607 1475 729 1551 inclytae

171 1557 260 1616 Casto
281 1558 398 1616 foedere
419 1556 540 1632 Virgini.

88 1721 178 1778 Almo
199 1738 266 1778 cum
286 1720 428 1779 tumidam
448 1720 578 1795 germine
599 1718 755 1795 conjugem

88 1802 253 1872 Admirans‚
275 1801 364 1860 dubio
385 1801 510 1876 tangeris
531 1801 641 1870 anxius,

89 1884 195 1942 Afflatu
216 1884 312 1960 superi
333 1883 471 1941 Flaminis
492 1881 622 1956 Angelus

170 1965 355 2040 Conceptum
375 1981 498 2040 puerum
513 1962 606 2021 docet.

92 2126 140 2183 Tu
160 2136 260 2184 natum
280 2124 440 2183 Dominum
462 2124 584 2198 stringis,
604 2123 641 2181 ad
662 2132 772 2181 exteras

91 2209 217 2284 Aegypti
237 2206 395 2283 profugum
416 2216 447 2264 tu
468 2205 595 2281 sequeris
616 2205 732 2280 plagas;

90 2291 239 2347 Amissum
260 2288 384 2363 Solymis
405 2287 525 2363 quaeris,
547 2296 576 2345 et
596 2286 713 2354 invenis,

172 2368 301 2428 Miscens
322 2369 428 2444 gaudia
448 2369 571 2428 fletibus.

96 2531 166 2589 Post
187 2541 311 2589 mortem
331 2532 457 2607 reliquos
478 2549 558 2589 mors
578 2530 627 2605 pia
649 2536 805 2597 consecrat,

93 2613 281 2688 Palmumque
302 2613 435 2671 emeritos
456 2613 546 2687 gloria
567 2608 700 2684 suscipit:

93 2694 141 2751 Tu
162 2695 268 2764 vivens,
289 2695 400 2771 superis
420 2711 481 2769 par,
502 2692 603 2750 frueris
624 2690 715 2760 Deo,¹

176 2775 252 2833 Mira
273 2785 349 2834 sorte
370 2774 512 2832 beatior*

186 2934 199 2958 r
211 2914 288 2968 Nobis,
298 2928 383 2961 summa
393 2912 462 2966 Triar,
473 2927 535 2973 paroc
542 2910 681 2971 premntibru,

209 2981 244 3025 Da
254 2979 336 3040 Joseph
347 2979 428 3026 meritis
438 2978 506 3025 sidera
516 2977 629 3024 emoriere:

208 3046 240 3092 Ut
251 3047 339 3093 tandem
350 3045 412 3093 lieet
422 3058 462 3090 nor
472 3043 512 3092 nni
522 3042 628 3104 perpetim

275 3111 367 3159 Gratum
378 3123 478 3172 promere
488 3107 603 3158 aureum.
