1906 3592
129 249 183 303 118
347 242 404 304 SS.
425 243 556 319 Philippi
571 248 598 301 et
607 239 717 320 Jacobi.

284 406 343 478 Qui
364 423 450 464 carne
470 404 555 463 frater
576 405 605 463 in
627 424 682 465 suo

288 486 415 546 Mortem
435 487 556 563 peremit
577 504 709 564 oorpore,

288 567 450 628 Divinitatis
470 585 522 627 vos
543 585 613 627 suae

287 648 459 725 Dignabitur
479 650 633 708 consortio.

288 810 343 881 Da,
365 811 487 881 Christe,
508 828 563 870 nos
584 820 683 870 tecum
705 814 780 873 mori
791 832 799 884 ;

288 892 403 951 Tecum
424 891 508 953 simul
529 892 567 951 da
587 910 725 968 surgere:

288 973 417 1032 Terrena
437 974 475 1032 da
495 983 689 1046 contemnere,

288 1056 395 1113 Amare
416 1055 454 1113 da
474 1055 617 1114 coelestia.

287 1217 329 1274 Sit
350 1217 412 1274 laus
433 1216 525 1288 Patri;
547 1217 610 1275 laus
630 1216 714 1288 Filio,

288 1296 348 1368 Qui
368 1315 431 1368 nos
452 1297 626 1374 triumphata
645 1316 728 1370 nece,
827 1362 830 1371 ,

288 1379 335 1436 Ad
356 1389 432 1438 astra
452 1397 551 1438 secum
572 1379 631 1438 dux
652 1389 754 1439 vocat:

287 1458 416 1537 Compar
435 1461 486 1518 tibi
507 1461 578 1532 laus,
600 1460 732 1537 Spiritus.

425 1817 471 1859 AD
492 1814 627 1860 LAUDES.

290 2010 400 2084 Regnis
421 2009 548 2085 paternis
571 2009 684 2067 debitus

289 2091 398 2148 Cruore
419 2108 493 2166 quae
515 2091 614 2165 pandit
635 2109 698 2161 suo,

289 2171 351 2230 Vos
372 2181 489 2246 propter
509 2171 615 2246 hospes
636 2181 749 2231 exteras

288 2252 392 2310 Adhuc
413 2252 480 2310 colit
499 2262 587 2310 terras
608 2251 698 2311 Deus.

289 2413 394 2488 Ignota
413 2414 502 2472 tardis
522 2413 670 2470 mentibus

288 2494 388 2554 Patere
410 2495 458 2553 dat
478 2495 620 2570 mysteria,

290 2575 344 2634 Per
363 2576 440 2634 mille
461 2594 615 2651 praesagas
636 2576 680 2633 sui

288 2657 325 2714 Se
346 2657 485 2732 detegens
506 2657 655 2732 imagines.

287 2820 332 2876 En
353 2817 546 2876 immolandus
567 2837 585 2876 a
605 2817 696 2889 Patre,

288 2901 379 2958 Suum
400 2900 492 2957 ferens
514 2899 624 2973 lignum
645 2899 735 2958 Puer:

286 2981 334 3038 En
354 2981 457 3055 Agnus
478 2979 532 3048 ille,
554 2981 694 3053 sanguine

286 3061 345 3133 Qui
365 3062 452 3119 tincta
472 3068 564 3116 servat
583 3059 690 3119 limina.

454 3334 546 3360 Α
