1906 3592
129 259 185 297 120

366 235 397 296 St
412 235 534 314 Joanm‘s
552 231 684 312 Apostoli.

206 401 310 459 Edicto
331 399 439 460 steriles
461 397 559 474 pulsus
580 398 610 456 in
630 399 739 458 insulas

206 481 281 540 Exul
301 491 369 539 tunc
391 481 470 539 socio
491 479 642 566 perfnriprr'
662 478 747 539 Deo:

208 563 266 621 Hic
286 573 404 620 ventura
424 561 507 631 videt,
528 579 603 637 quae
624 562 739 620 calamo
760 573 866 622 notans

291 643 432 701 Sublurtri
452 642 557 700 nebula
577 643 655 718 tegit.

211 806 257 863 Sic
278 822 332 864 nos
354 804 484 864 Christus
505 813 590 876 amet,
612 804 652 863 sic
674 804 780 864 doceat
802 800 881 882 pati‘3

208 887 419 962 Discamusque
439 887 521 957 mori,
543 887 632 945 simus
652 895 685 943 ut
705 896 735 944 et
756 890 838 947 necis

210 969 315 1025 Sacrae
334 967 504 1042 participes:
533 985 593 1025 non
614 967 675 1025 aliis
695 977 778 1042 patet

290 1048 412 1106 Coelum
434 1048 653 1106 conditionibus,

208 1209 283 1266 Patri
303 1209 429 1267 maxima
449 1210 519 1280 laus,
540 1209 667 1266 maxima
686 1209 770 1280 Filio,

208 1289 428 1367 Amborumque
449 1308 531 1349 sacro
551 1285 681 1348 maxima¹
699 1290 844 1348 Flamini}

208 1370 292 1429 Haec
312 1383 356 1432 est
376 1381 453 1430 certa
474 1371 555 1442 fides,
577 1371 704 1430 fontibus
725 1391 743 1430 e
763 1373 824 1430 tuis

300 1453 397 1525 Quam
418 1453 551 1511 divinitus
571 1452 727 1512 hausimus.

319 1784 320 1787 ’
386 1771 390 1780 “
427 1771 474 1813 AD
495 1765 629 1814 LAUDES.

293 2006 381 2084 Jussu
402 2006 513 2081 tyranni
534 2023 587 2080 pro
607 2005 665 2063 fide

293 2084 404 2157 Pulsus,
425 2085 562 2163 JoanneS,
584 2087 700 2145 exulus:

293 2169 394 2227 Fertur
414 2168 511 2224 volatu
530 2167 621 2224 libero

294 2250 380 2309 Mens
401 2248 477 2307 celsa
499 2266 585 2323 supra
605 2247 705 2306 sidera.

294 2409 354 2468 Illic
375 2410 479 2468 revelat
500 2429 531 2469 se
551 2405 602 2467 tibi

295 2491 355 2563 Qui
374 2501 503 2549 mortuus
524 2483 590 2549 vivit
610 2489 700 2559 Deus,

294 2573 397 2648 Agnus
418 2565 515 2631 salutis
536 2572 636 2640 hostia,
689 2610 692 2615 ι

296 2653 332 2712 Et
354 2660 447 2712 morte
468 2649 578 2711 devicta
599 2652 653 2710 leo,

296 2817 410 2873 Arcana
430 2825 458 2873 te
478 2824 572 2872 vatem
594 2814 678 2872 docet

297 2897 457 2972 Regnisui
477 2895 627 2970 mysteria:

297 2977 400 3035 Pandit
421 2988 521 3035 cruore
543 2975 701 3049 Martyrum

296 3056 412 3134 Ubique
433 3055 624 3132 spargendam
645 3054 741 3111 fidem.
