1906 3592
131 252 186 305 208
323 247 361 304 In
387 245 441 323 Off.
464 245 650 304 Dedicatioml
671 245 737 304 Ecc.

209 410 298 486 Cujus
320 411 349 466 in
371 409 452 467 coelo
474 408 593 466 thronus
614 417 658 466 est
679 408 823 484 perennis,

208 492 310 549 Incolit
331 509 448 566 parvam
469 489 550 548 Deus
570 489 643 548 altus
665 489 786 547 aedem:

208 573 265 630 Hic
287 573 421 630 adorator
442 571 496 630 sibi
516 572 637 646 quisque
660 570 761 629 sedem

288 653 440 729 Praeparat
462 653 551 710 astris.

207 816 309 874 Nullus
331 816 405 873 hanc
426 815 510 873 turbo
531 815 629 890 quatit,
652 816 782 872 irruentis

205 897 291 955 Nulla
312 899 353 956 vis
374 896 472 967 nimbi,
495 897 620 972 rapidive
642 896 778 954 fluctus:.

207 979 291 1036 Cedit
312 978 386 1036 hanc
407 989 506 1036 contra
527 977 604 1035 furor
624 976 781 1036 inferorum

286 1059 383 1118 Irritus
404 1060 507 1117 omnis.

204 1220 281 1278 Laus
303 1221 376 1290 Deo,
398 1222 492 1291 virtus,
516 1221 617 1291 honor,
632 1232 666 1278 et
688 1229 817 1294 potestas

204 1303 271 1359 Una
291 1304 326 1360 sit
348 1303 430 1372 Patri,
453 1302 591 1377 parilique
614 1301 707 1360 Proli:

205 1384 259 1440 Par
281 1386 316 1442 sit
337 1386 489 1442 amborum
511 1384 561 1441 tibi
583 1401 675 1441 nexus
696 1383 786 1450 omni,

287 1465 414 1542 Spiritus,
437 1484 516 1523 aevu.
553 1465 555 1472 ’

423 1890 468 1932 An
491 1889 626 1932 annuns.
680 1938 688 1953 ,

282 2091 360 2148 Urbs
382 2092 473 2162 beata,
495 2111 561 2150 vera
582 2096 661 2168 pacis
753 2129 755 2132 >

281 2173 371 2241 visio,
394 2172 560 2248 Jerusalem,

283 2253 400 2324 Quanta
420 2255 524 2329 surgit!
548 2257 624 2313 celsa
646 2259 721 2315 saxis

286 2335 425 2392 Conditur
446 2337 622 2395 viventibus:

281 2415 364 2486 Quae
386 2417 491 2493 polivit,
513 2418 583 2476 haec
605 2430 720 2494 coaptat

282 2497 403 2556 Sedibus
426 2499 484 2556 suis
505 2498 593 2559 Deus.
650 2503 654 2510 '

282 2660 405 2733 Singulis
427 2678 462 2716 ex
483 2663 642 2737 margaritis
743 2697 747 2706 ·

281 2740 415 2814 Singulae
436 2751 534 2813 portae
557 2744 662 2801 nitent:

280 2820 380 2878 Murus
402 2822 497 2878 omnis
518 2823 607 2897 fulget
630 2842 707 2892 aur0,

280 2903 380 2977 Fulget
401 2903 574 2961 unionibus:

279 2983 431 3059 Angularis
453 2994 533 3058 petra
554 2983 683 3042 Christus

280 3064 391 3122 Fundat
412 3065 490 3122 urbis
512 3065 634 3122 moenia.
