1950 3600
318 221 374 283 SS.
396 221 573 298 Angelorum.
791 238 843 296 157

126 383 244 444 Movere
264 385 372 443 bellum
393 386 474 461 pacis
494 384 524 441 in
545 386 621 444 atriis

126 466 248 526 Insanus
269 467 349 525 ardet
370 466 492 536 Lucifer,
515 476 543 524 et
563 468 632 542 polo

126 548 227 606 Parare
249 549 398 606 dementes
419 548 514 605 ruinas

125 630 219 705 Atque
241 629 298 686 Dei
319 629 391 688 solio
412 629 522 686 minari.

126 790 237 848 Invadit
258 791 336 850 idem
356 791 433 848 mille
454 790 531 848 acies
551 788 644 859 furor;

125 873 246 929 Fervent
266 872 390 930 tumultu
411 871 522 930 sidera:
548 871 700 945 grandium

127 953 193 1010 Dux
214 971 321 1029 magne
342 953 491 1021 bellorum,
514 950 656 1010 Tonantis

126 1034 194 1110 Jura
216 1036 298 1093 datur
318 1034 368 1092 tibi
390 1034 540 1091 viudicare.

127 1197 191 1255 Hac
212 1195 365 1272 fulguranti
386 1213 465 1266 voce,
487 1195 561 1266 Quis
582 1178 622 1252 ut*
634 1193 737 1252 Deus?

126 1278 208 1336 Pellis
229 1279 387 1354 superbos:
414 1286 545 1335 strenuus
566 1277 669 1352 impias

126 1359 238 1417 Vexare
259 1370 375 1429 turmas,
397 1368 426 1416 et
446 1358 564 1416 rebelles

127 1440 273 1516 Perpetuis
294 1441 413 1515 religare
433 1439 567 1497 flammis.

128 1603 168 1660 Sit
188 1604 250 1661 laus
271 1602 393 1672 Parenti,
415 1603 464 1678 qui
486 1611 562 1659 creat
583 1601 728 1676 Angelos3

127 1683 179 1741 Per
200 1703 288 1760 quem
309 1684 484 1759 triumphant
504 1683 594 1758 gloria
615 1681 703 1738 Filio:

127 1765 194 1836 Quo
216 1766 385 1823 roborantur
405 1765 466 1823 laus
488 1765 523 1822 sit
544 1765 621 1821 almo

128 1846 258 1922 Spiritui:
282 1847 371 1905 tribus
392 1864 450 1904 una
471 1863 593 1920 semper.

351 2048 549 2060 —————1

377 2221 459 2284 Ocr.
485 2239 513 2284 2.
577 2298 579 2302 Α

146 2379 196 2437 SS.
218 2376 482 2437 ANGELORUM
504 2366 744 2433 CUSTODUM.

93 2635 136 2679 ΑΙ)
157 2638 272 2681 PRIMAS
296 2636 446 2681 VESPERAS
469 2633 511 2677 ET
532 2627 684 2675 OFFICIUM
707 2625 802 2668 Nocr.

128 2806 271 2865 Custodes
292 2806 442 2864 hominum
462 2800 610 2877 psallimus
632 2795 769 2870 Angelos,

128 2887 253 2945 Naturae
275 2886 366 2962 sragiIi
388 2901 461 2960 quos
482 2882 565 2938 Pater
586 2876 694 2936 addidit

127 2969 267 3027 Coelestis
289 2968 417 3036 comites,
439 2961 636 3022 insidiantibus

218 3050 265 3108 Ne
287 3049 485 3108 succumberet
506 3042 644 3101 hostibus.
