1906 3592
134 246 193 319 338
302 243 341 302 In
358 241 619 320 Ilmfigurutrone
631 243 748 303 Domini.

296 404 380 464 Pater
399 424 465 464 cum
486 404 646 482 Unigenito

295 487 332 545 Et
353 487 458 563 Spiritu
479 486 621 545 Paraclito

296 569 379 627 Unus
399 569 483 626 nobis
503 568 578 626 hanc
598 568 718 643 gloriam

293 650 409 726 largire
429 668 481 726 per
500 650 700 726 praesentiam.

387 1027 434 1071 An
453 1027 671 1072 mummulo.

213 1222 241 1283 Ο
262 1233 339 1281 sator
358 1239 462 1293 rerum,
482 1233 628 1298 reparator
649 1224 719 1294 aevi,

212 1304 332 1373 Christe,
353 1321 403 1361 rer
424 1321 535 1379 regum,
555 1305 709 1363 metuende
728 1319 827 1369 censor,

213 1387 260 1444 Ad
280 1403 380 1461 preces
400 1395 514 1443 nostras
535 1386 697 1461 pariterque
718 1385 810 1443 laudes

293 1467 400 1542 Aspice
420 1467 517 1541 gratis,

210 1629 311 1688 Noctis
331 1629 446 1686 incursu
466 1627 517 1685 tibi
537 1639 603 1685 vota
623 1628 739 1685 laudum

210 1710 373 1785 Pangimus‚
394 1721 507 1785 praesta
526 1709 577 1766 tibi
598 1709 654 1766 sint
674 1719 706 1766 ut
726 1719 798 1787 apta,

210 1791 330 1866 Nosque
351 1799 493 1848 concentu
512 1790 608 1848 refove
628 1791 762 1865 perennis

288 1871 419 1930 Luminis
439 1879 545 1930 auctor.

209 2036 285 2092 Inter
306 2033 422 2092 Heliam
443 2032 623 2108 Moysenque
644 2044 731 2103 vates,

208 2116 248 2174 Ut
266 2116 349 2191 jubar
371 2115 438 2173 solis
459 2114 561 2171 faciem
581 2114 734 2190 refulgens,

207 2197 338 2256 Candida
357 2206 434 2253 veste
455 2196 526 2252 nivis
547 2196 634 2254 instar
655 2197 737 2254 albae

287 2277 336 2335 Tu
355 2277 485 2334 micuisti.

208 2441 256 2497 Tu
276 2439 332 2497 Dei
352 2438 443 2496 Patris
464 2437 547 2496 Patre
567 2448 638 2496 teste
658 2439 753 2513 proles

207 2522 282 2581 Cum
303 2522 342 2580 sis
363 2529 526 2578 sanctorum
547 2520 635 2577 decus
656 2520 822 2595 angelorum

207 2604 255 2660 Tu
275 2604 351 2661 salus
372 2600 479 2670 mundi,
501 2601 552 2671 via,
574 2601 637 2670 vita,
659 2602 745 2658 virtus

287 2683 417 2742 Crederis
438 2700 510 2740 esse.

205 2846 310 2915 Gloria,
331 2846 418 2902 virtus
440 2844 474 2901 sit
494 2843 544 2900 tibi
566 2842 692 2912 Creator,

204 2926 314 2985 Cuncta
335 2927 383 3001 qui
405 2925 481 2983 solus
502 2925 624 2982 retinens
645 2925 796 2999 gubernas,

203 3008 238 3064 In
259 3007 361 3066 throno
382 3007 462 3081 regni
483 3006 543 3063 sine
565 3005 621 3063 fine
641 3023 764 3081 regnans

283 3088 389 3146 Trinus
410 3098 438 3146 et
457 3106 538 3146 unus.
