1906 3592
130 226 184 292 ¹4⁶
347 219 395 279 In'
407 219 508 280 Decoll.
530 219 562 281 S.
577 205 708 299 Joannzi.

209 383 251 442 Sit
272 401 386 442 summa
407 383 491 455 Patri,
513 403 685 462 summaque
707 387 789 459 Filio,

210 465 374 540 Sanctoque
396 483 515 541 compar
535 466 627 540 gloria
648 467 788 528 Flamini:

210 545 331 604 Sanctae
352 546 465 605 litemus
487 546 620 606 Trinitati

208 626 351 703 Perpetuo
371 628 420 703 pia
440 627 528 686 corda
548 630 633 688 cultu.

429 997 474 1039 AD
497 996 632 1041 LAUDES.

208 1183 295 1252 Ecce,
317 1182 444 1241 saltantis
465 1183 588 1259 pretium
608 1183 729 1258 puellae,

211 1263 311 1321 Fertur
332 1264 361 1320 in
383 1264 464 1322 disco
485 1274 570 1338 caput
591 1275 791 1340 amputatum:

210 1344 294 1403 Haec
315 1346 467 1403 cruentatis
488 1363 563 1403 nova
582 1345 767 1420 proferuntur

293 1426 412 1484 Fercula
432 1427 548 1484 mensis,
741 1435 746 1446 “

213 1589 297 1660 Quae
318 1588 404 1646 rudes
425 1585 509 1662 sylvis
530 1588 655 1664 populos
677 1588 810 1661 docebat,

212 1670 296 1741 Quae
317 1669 414 1726 Deum
434 1679 495 1726 tota
514 1670 668 1727 resonabat
689 1671 762 1740 aula,

211 1751 263 1809 Illa
283 1768 348 1820 vox,
370 1748 459 1806 eheui
484 1750 580 1824 gladio
601 1760 719 1821 resecta,

293 1830 376 1888 Muta
397 1831 496 1888 silebit.

112 2016 114 2021 ·
213 1993 325 2052 Occidit
346 1992 445 2061 Vates
467 2002 495 2049 et
517 1992 610 2050 adhuc
631 1993 754 2063 timetur,

213 2074 279 2131 Vox
301 2075 363 2132 silet
383 2074 470 2143 verbi,
493 2092 576 2131 cruor
597 2073 642 2130 iile
664 2073 786 2133 clamat:

215 2155 319 2213 Sancta
339 2154 454 2212 fraterni
475 2165 612 2212 temerata
632 2155 722 2229 carpit

292 2235 422 2294 Foedera
443 2235 515 2293 lecti.

214 2399 300 2456 Nube
322 2398 375 2456 sub
397 2398 487 2456 densa
505 2398 589 2473 jubar
609 2398 768 2477 involutum

215 2479 341 2537 Venerat
361 2480 454 2537 caecis
475 2480 584 2554 aperire
606 2479 706 2537 seclis:

215 2561 281 2618 Sole
302 2570 422 2629 matum,
444 2560 519 2617 velut
540 2560 649 2630 umbra,
671 2561 757 2619 cessit

294 2640 408 2699 Lucifer
429 2640 509 2699 Orbi.

214 2803 333 2860 Summa
353 2803 414 2861 laus
436 2803 520 2874 Patri,
541 2799 696 2878 genitoque
717 2800 834 2860 Verbo:

213 2882 251 2941 Et
271 2886 322 2941 tibi
343 2903 469 2959 compar,
491 2885 636 2959 utriusque
658 2901 749 2941 nexus

214 2964 334 3040 Spiritus
355 2984 477 3040 semper,
498 2965 579 3023 Deus
600 2983 673 3022 unus
695 2966 775 3022 omni

295 3046 450 3120 Temporis
471 3062 549 3102 aevo.
