<?xml version="1.0" encoding="UTF-8"?>
<!DOCTYPE html PUBLIC "-//W3C//DTD XHTML 1.0 Transitional//EN"
    "http://www.w3.org/TR/xhtml1/DTD/xhtml1-transitional.dtd">
<html xmlns="http://www.w3.org/1999/xhtml" xml:lang="en" lang="en">
 <head>
  <title>
</title>
<meta http-equiv="Content-Type" content="text/html;charset=utf-8" />
  <meta name='ocr-system' content='tesseract 3.04.00' />
  <meta name='ocr-capabilities' content='ocr_page ocr_carea ocr_par ocr_line ocrx_word'/>
</head>
<body>
  <div class='ocr_page' id='page_1' title='image "./hymniecclesiae00churgoog_0419.png"; bbox 0 0 1906 3592; ppageno 0'>
   <div class='ocr_carea' id='block_1_1' title="bbox 23 255 707 339">
    <p class='ocr_par' dir='ltr' id='par_1_1' title="bbox 23 255 707 339">
     <span class='ocr_line' id='line_1_1' title="bbox 23 255 707 339; baseline -0.018 -13"><span class='ocrx_word' id='word_1_1' title='bbox 23 329 29 339; x_wconf 62' lang='grc'>,</span> <span class='ocrx_word' id='word_1_2' title='bbox 112 279 169 335; x_wconf 82' lang='lat'>392</span> <span class='ocrx_word' id='word_1_3' title='bbox 320 255 359 317; x_wconf 84' lang='lat' dir='ltr'>In</span> <span class='ocrx_word' id='word_1_4' title='bbox 373 256 548 316; x_wconf 78' lang='lat' dir='ltr'>Dedicatt&#39;cme</span> <span class='ocrx_word' id='word_1_5' title='bbox 560 255 707 316; x_wconf 83' lang='lat' dir='ltr'><em>Ecclesiae.</em></span> 
     </span>
    </p>
   </div>
   <div class='ocr_carea' id='block_1_2' title="bbox 112 405 891 496">
    <p class='ocr_par' dir='ltr' id='par_1_2' title="bbox 112 405 891 496">
     <span class='ocr_line' id='line_1_2' title="bbox 112 405 891 496; baseline -0.008 -17"><span class='ocrx_word' id='word_1_6' title='bbox 112 423 147 479; x_wconf 90' lang='lat' dir='ltr'>In</span> <span class='ocrx_word' id='word_1_7' title='bbox 163 439 254 480; x_wconf 85' lang='lat' dir='ltr'>coena</span> <span class='ocrx_word' id='word_1_8' title='bbox 268 420 405 491; x_wconf 89' lang='lat' dir='ltr'>residens,</span> <span class='ocrx_word' id='word_1_9' title='bbox 421 438 526 496; x_wconf 86' lang='lat' dir='ltr'>corpus</span> <span class='ocrx_word' id='word_1_10' title='bbox 542 438 609 478; x_wconf 88' lang='lat' dir='ltr'>cum</span> <span class='ocrx_word' id='word_1_11' title='bbox 624 421 765 496; x_wconf 87' lang='lat' dir='ltr'>sanguine</span> <span class='ocrx_word' id='word_1_12' title='bbox 785 405 891 484; x_wconf 72' lang='lat' dir='ltr'>sur&#39;nens</span> 
     </span>
    </p>
   </div>
   <div class='ocr_carea' id='block_1_3' title="bbox 114 501 775 654">
    <p class='ocr_par' dir='ltr' id='par_1_3' title="bbox 114 501 775 654">
     <span class='ocr_line' id='line_1_3' title="bbox 152 501 775 578; baseline -0.003 -18"><span class='ocrx_word' id='word_1_13' title='bbox 152 503 317 578; x_wconf 89' lang='lat' dir='ltr'>Discipulos</span> <span class='ocrx_word' id='word_1_14' title='bbox 339 503 423 578; x_wconf 89' lang='lat' dir='ltr'>pavit,</span> <span class='ocrx_word' id='word_1_15' title='bbox 446 502 568 576; x_wconf 82' lang='lat' dir='ltr'>mystica</span> <span class='ocrx_word' id='word_1_16' title='bbox 589 501 667 560; x_wconf 89' lang='lat' dir='ltr'>dona</span> <span class='ocrx_word' id='word_1_17' title='bbox 689 502 775 560; x_wconf 87' lang='lat' dir='ltr'>dedit.</span> 
     </span>
     <span class='ocr_line' id='line_1_4' title="bbox 114 584 277 654; baseline -0.012 -11"><span class='ocrx_word' id='word_1_18' title='bbox 114 584 205 654; x_wconf 84' lang='lat' dir='ltr'>Salve,</span> <span class='ocrx_word' id='word_1_19' title='bbox 226 584 277 641; x_wconf 72' lang='lat' dir='ltr'>dc.</span> 
     </span>
    </p>
   </div>
   <div class='ocr_carea' id='block_1_4' title="bbox 114 740 759 819">
    <p class='ocr_par' dir='ltr' id='par_1_4' title="bbox 114 740 759 819">
     <span class='ocr_line' id='line_1_5' title="bbox 114 740 759 819; baseline -0.002 -15"><span class='ocrx_word' id='word_1_20' title='bbox 114 747 241 804; x_wconf 78' lang='lat' dir='ltr'>Intactas</span> <span class='ocrx_word' id='word_1_21' title='bbox 262 747 360 804; x_wconf 83' lang='lat' dir='ltr'>matris</span> <span class='ocrx_word' id='word_1_22' title='bbox 381 756 473 814; x_wconf 90' lang='lat' dir='ltr'>natus,</span> <span class='ocrx_word' id='word_1_23' title='bbox 496 740 637 819; x_wconf 85' lang='lat' dir='ltr'>sapientia</span> <span class='ocrx_word' id='word_1_24' title='bbox 658 745 759 815; x_wconf 63' lang='lat' dir='ltr'>Patris</span> 
     </span>
    </p>
   </div>
   <div class='ocr_carea' id='block_1_5' title="bbox 116 826 736 979">
    <p class='ocr_par' dir='ltr' id='par_1_5' title="bbox 116 826 736 979">
     <span class='ocr_line' id='line_1_6' title="bbox 154 826 736 886; baseline -0.005 0"><span class='ocrx_word' id='word_1_25' title='bbox 154 826 276 886; x_wconf 86' lang='lat' dir='ltr'>Constat</span> <span class='ocrx_word' id='word_1_26' title='bbox 297 828 326 883; x_wconf 92' lang='lat' dir='ltr'>in</span> <span class='ocrx_word' id='word_1_27' title='bbox 348 827 427 884; x_wconf 85' lang='lat' dir='ltr'>altari</span> <span class='ocrx_word' id='word_1_28' title='bbox 448 826 563 883; x_wconf 87' lang='lat' dir='ltr'>victima</span> <span class='ocrx_word' id='word_1_29' title='bbox 583 844 650 884; x_wconf 87' lang='lat' dir='ltr'>vera</span> <span class='ocrx_word' id='word_1_30' title='bbox 671 827 736 884; x_wconf 87' lang='lat' dir='ltr'>Dei.</span> 
     </span>
     <span class='ocr_line' id='line_1_7' title="bbox 116 908 279 979; baseline -0.018 -12"><span class='ocrx_word' id='word_1_31' title='bbox 116 909 207 979; x_wconf 89' lang='lat' dir='ltr'>Salve,</span> <span class='ocrx_word' id='word_1_32' title='bbox 229 908 279 965; x_wconf 74' lang='lat' dir='ltr'>dac.</span> 
     </span>
    </p>
   </div>
   <div class='ocr_carea' id='block_1_6' title="bbox 116 1069 868 1147">
    <p class='ocr_par' dir='ltr' id='par_1_6' title="bbox 116 1069 868 1147">
     <span class='ocr_line' id='line_1_8' title="bbox 116 1069 868 1147; baseline -0.007 -18"><span class='ocrx_word' id='word_1_33' title='bbox 116 1072 150 1129; x_wconf 94' lang='lat' dir='ltr'>In</span> <span class='ocrx_word' id='word_1_34' title='bbox 172 1089 256 1129; x_wconf 87' lang='lat' dir='ltr'>cruce</span> <span class='ocrx_word' id='word_1_35' title='bbox 277 1070 414 1147; x_wconf 83' lang='lat' dir='ltr'>regnavit,</span> <span class='ocrx_word' id='word_1_36' title='bbox 435 1070 561 1128; x_wconf 87' lang='lat' dir='ltr'>moriens</span> <span class='ocrx_word' id='word_1_37' title='bbox 582 1079 707 1127; x_wconf 86' lang='lat' dir='ltr'>mortem</span> <span class='ocrx_word' id='word_1_38' title='bbox 723 1069 868 1146; x_wconf 85' lang='lat' dir='ltr'>superavit,</span> 
     </span>
    </p>
   </div>
   <div class='ocr_carea' id='block_1_7' title="bbox 118 1152 847 1304">
    <p class='ocr_par' dir='ltr' id='par_1_7' title="bbox 118 1152 847 1304">
     <span class='ocr_line' id='line_1_9' title="bbox 155 1152 847 1226; baseline -0.003 -17"><span class='ocrx_word' id='word_1_39' title='bbox 155 1152 193 1209; x_wconf 90' lang='lat' dir='ltr'>Et</span> <span class='ocrx_word' id='word_1_40' title='bbox 214 1153 315 1210; x_wconf 90' lang='lat' dir='ltr'>mundi</span> <span class='ocrx_word' id='word_1_41' title='bbox 336 1152 464 1208; x_wconf 86' lang='lat' dir='ltr'>maculas</span> <span class='ocrx_word' id='word_1_42' title='bbox 486 1152 604 1226; x_wconf 85' lang='lat' dir='ltr'>sanguis</span> <span class='ocrx_word' id='word_1_43' title='bbox 626 1161 654 1208; x_wconf 88' lang='lat' dir='ltr'>et</span> <span class='ocrx_word' id='word_1_44' title='bbox 675 1153 755 1209; x_wconf 87' lang='lat' dir='ltr'>unda</span> <span class='ocrx_word' id='word_1_45' title='bbox 776 1152 847 1208; x_wconf 88' lang='lat' dir='ltr'>lavit.</span> 
     </span>
     <span class='ocr_line' id='line_1_10' title="bbox 118 1233 280 1304; baseline -0.012 -12"><span class='ocrx_word' id='word_1_46' title='bbox 118 1233 208 1304; x_wconf 87' lang='lat' dir='ltr'>Salve,</span> <span class='ocrx_word' id='word_1_47' title='bbox 230 1235 280 1290; x_wconf 79' lang='lat' dir='ltr'>dre.</span> 
     </span>
    </p>
   </div>
   <div class='ocr_carea' id='block_1_8' title="bbox 117 1395 846 1470">
    <p class='ocr_par' dir='ltr' id='par_1_8' title="bbox 117 1395 846 1470">
     <span class='ocr_line' id='line_1_11' title="bbox 117 1395 846 1470; baseline -0.001 -19"><span class='ocrx_word' id='word_1_48' title='bbox 117 1395 231 1452; x_wconf 86' lang='lat' dir='ltr'>Palmas</span> <span class='ocrx_word' id='word_1_49' title='bbox 252 1397 387 1465; x_wconf 84' lang='lat' dir='ltr'>extendit,</span> <span class='ocrx_word' id='word_1_50' title='bbox 409 1396 496 1452; x_wconf 89' lang='lat' dir='ltr'>vitam</span> <span class='ocrx_word' id='word_1_51' title='bbox 517 1413 571 1470; x_wconf 88' lang='lat' dir='ltr'>pro</span> <span class='ocrx_word' id='word_1_52' title='bbox 593 1405 686 1452; x_wconf 87' lang='lat' dir='ltr'>morte</span> <span class='ocrx_word' id='word_1_53' title='bbox 708 1395 846 1470; x_wconf 84' lang='lat' dir='ltr'>rependit,</span> 
     </span>
    </p>
   </div>
   <div class='ocr_carea' id='block_1_9' title="bbox 119 1475 906 1627">
    <p class='ocr_par' dir='ltr' id='par_1_9' title="bbox 119 1475 906 1627">
     <span class='ocr_line' id='line_1_12' title="bbox 119 1475 906 1615; baseline -0.008 -83"><span class='ocrx_word' id='word_1_54' title='bbox 119 1475 373 1615; x_wconf 52' lang='lat' dir='ltr'>SlI&#39;ostdltriduum</span> <span class='ocrx_word' id='word_1_55' title='bbox 395 1495 524 1551; x_wconf 80' lang='lat' dir='ltr'>surgenS,</span> <span class='ocrx_word' id='word_1_56' title='bbox 546 1494 651 1552; x_wconf 89' lang='lat' dir='ltr'>corpus</span> <span class='ocrx_word' id='word_1_57' title='bbox 669 1477 707 1534; x_wconf 86' lang='lat' dir='ltr'>ad</span> <span class='ocrx_word' id='word_1_58' title='bbox 727 1477 785 1534; x_wconf 86' lang='lat' dir='ltr'>alta</span> <span class='ocrx_word' id='word_1_59' title='bbox 803 1475 906 1532; x_wconf 81' lang='lat' dir='ltr'>vehens</span> 
     </span>
     <span class='ocr_line' id='line_1_13' title="bbox 140 1575 281 1627; baseline -0.007 -13"><span class='ocrx_word' id='word_1_60' title='bbox 140 1575 209 1627; x_wconf 87' lang='lat' dir='ltr'>ave,</span> <span class='ocrx_word' id='word_1_61' title='bbox 257 1576 281 1614; x_wconf 94' lang='lat' dir='ltr'>c.</span> 
     </span>
    </p>
   </div>
   <div class='ocr_carea' id='block_1_10' title="bbox 119 1718 902 1859">
    <p class='ocr_par' dir='ltr' id='par_1_10' title="bbox 119 1718 902 1859">
     <span class='ocr_line' id='line_1_14' title="bbox 119 1718 898 1794; baseline -0.003 -18"><span class='ocrx_word' id='word_1_62' title='bbox 119 1720 289 1794; x_wconf 84' lang='lat' dir='ltr'>Perpetuam</span> <span class='ocrx_word' id='word_1_63' title='bbox 311 1721 439 1793; x_wconf 87' lang='lat' dir='ltr'>requiem</span> <span class='ocrx_word' id='word_1_64' title='bbox 459 1730 490 1775; x_wconf 93' lang='lat' dir='ltr'>tu</span> <span class='ocrx_word' id='word_1_65' title='bbox 511 1718 577 1777; x_wconf 84' lang='lat' dir='ltr'>fons</span> <span class='ocrx_word' id='word_1_66' title='bbox 599 1729 627 1777; x_wconf 90' lang='lat' dir='ltr'>et</span> <span class='ocrx_word' id='word_1_67' title='bbox 649 1721 733 1794; x_wconf 88' lang='lat' dir='ltr'>origo</span> <span class='ocrx_word' id='word_1_68' title='bbox 754 1721 898 1783; x_wconf 87' lang='lat' dir='ltr'>bonorum,</span> 
     </span>
     <span class='ocr_line' id='line_1_15' title="bbox 161 1799 902 1859; baseline -0.007 -3"><span class='ocrx_word' id='word_1_69' title='bbox 161 1800 248 1858; x_wconf 90' lang='lat' dir='ltr'>Hunc</span> <span class='ocrx_word' id='word_1_70' title='bbox 270 1803 410 1859; x_wconf 85' lang='lat' dir='ltr'>servando</span> <span class='ocrx_word' id='word_1_71' title='bbox 431 1799 552 1857; x_wconf 90' lang='lat' dir='ltr'>chorum</span> <span class='ocrx_word' id='word_1_72' title='bbox 574 1801 611 1858; x_wconf 88' lang='lat' dir='ltr'>da</span> <span class='ocrx_word' id='word_1_73' title='bbox 633 1801 694 1858; x_wconf 93' lang='lat' dir='ltr'>sine</span> <span class='ocrx_word' id='word_1_74' title='bbox 717 1811 803 1858; x_wconf 88' lang='lat' dir='ltr'>nocte</span> <span class='ocrx_word' id='word_1_75' title='bbox 825 1799 902 1856; x_wconf 89' lang='lat' dir='ltr'>diem.</span> 
     </span>
    </p>
   </div>
   <div class='ocr_carea' id='block_1_11' title="bbox 121 1881 283 1951">
    <p class='ocr_par' dir='ltr' id='par_1_11' title="bbox 121 1881 283 1951">
     <span class='ocr_line' id='line_1_16' title="bbox 121 1881 283 1951; baseline 0 -12"><span class='ocrx_word' id='word_1_76' title='bbox 121 1881 211 1951; x_wconf 87' lang='lat' dir='ltr'>Salve,</span> <span class='ocrx_word' id='word_1_77' title='bbox 233 1882 283 1940; x_wconf 71' lang='lat' dir='ltr'>dic.</span> 
     </span>
    </p>
   </div>
   <div class='ocr_carea' id='block_1_12' title="bbox 217 2366 829 2426">
    <p class='ocr_par' dir='ltr' id='par_1_12' title="bbox 217 2366 829 2426">
     <span class='ocr_line' id='line_1_17' title="bbox 217 2366 829 2426; baseline -0.003 0"><span class='ocrx_word' id='word_1_78' title='bbox 217 2369 261 2426; x_wconf 93' lang='lat' dir='ltr'>IN</span> <span class='ocrx_word' id='word_1_79' title='bbox 284 2367 571 2426; x_wconf 87' lang='lat' dir='ltr'><strong>DEDICATIONE</strong></span> <span class='ocrx_word' id='word_1_80' title='bbox 593 2366 829 2424; x_wconf 88' lang='lat' dir='ltr'><strong>ECCLESIAE.</strong></span> 
     </span>
    </p>
   </div>
   <div class='ocr_carea' id='block_1_13' title="bbox 123 2603 799 2836">
    <p class='ocr_par' dir='ltr' id='par_1_13' title="bbox 123 2603 799 2836">
     <span class='ocr_line' id='line_1_18' title="bbox 123 2603 765 2674; baseline -0.005 -10"><span class='ocrx_word' id='word_1_81' title='bbox 123 2605 205 2664; x_wconf 86' lang='lat' dir='ltr'>Salve</span> <span class='ocrx_word' id='word_1_82' title='bbox 227 2605 299 2662; x_wconf 82' lang='lat' dir='ltr'>festa</span> <span class='ocrx_word' id='word_1_83' title='bbox 320 2604 389 2674; x_wconf 86' lang='lat' dir='ltr'>dies,</span> <span class='ocrx_word' id='word_1_84' title='bbox 404 2613 473 2660; x_wconf 51' lang='lat' dir='ltr'>¹toto</span> <span class='ocrx_word' id='word_1_85' title='bbox 494 2603 662 2659; x_wconf 87' lang='lat' dir='ltr'>venerabilis</span> <span class='ocrx_word' id='word_1_86' title='bbox 684 2621 765 2674; x_wconf 87' lang='lat' dir='ltr'>aev0‚</span> 
     </span>
     <span class='ocr_line' id='line_1_19' title="bbox 164 2683 799 2823; baseline 0 -81"><span class='ocrx_word' id='word_1_87' title='bbox 164 2686 362 2823; x_wconf 59' lang='lat' dir='ltr'>lQuagpponso</span> <span class='ocrx_word' id='word_1_88' title='bbox 384 2701 492 2760; x_wconf 88' lang='lat' dir='ltr'>sponsa</span> <span class='ocrx_word' id='word_1_89' title='bbox 511 2684 639 2764; x_wconf 82' lang='lat' dir='ltr'>jungitur</span> <span class='ocrx_word' id='word_1_90' title='bbox 659 2683 799 2742; x_wconf 87' lang='lat' dir='ltr'>Ecclesia.</span> 
     </span>
     <span class='ocr_line' id='line_1_20' title="bbox 125 2769 286 2836; baseline -0.012 -11"><span class='ocrx_word' id='word_1_91' title='bbox 125 2769 215 2836; x_wconf 87' lang='lat' dir='ltr'>Save,</span> <span class='ocrx_word' id='word_1_92' title='bbox 263 2785 286 2824; x_wconf 90' lang='lat' dir='ltr'>c.</span> 
     </span>
    </p>
   </div>
   <div class='ocr_carea' id='block_1_14' title="bbox 125 2926 833 3160">
    <p class='ocr_par' dir='ltr' id='par_1_14' title="bbox 125 2926 833 3160">
     <span class='ocr_line' id='line_1_21' title="bbox 125 2926 833 3001; baseline -0.003 -15"><span class='ocrx_word' id='word_1_93' title='bbox 125 2930 208 2987; x_wconf 89' lang='lat' dir='ltr'>Haec</span> <span class='ocrx_word' id='word_1_94' title='bbox 230 2936 273 2987; x_wconf 88' lang='lat' dir='ltr'>est</span> <span class='ocrx_word' id='word_1_95' title='bbox 294 2927 358 2985; x_wconf 86' lang='lat' dir='ltr'>aula</span> <span class='ocrx_word' id='word_1_96' title='bbox 380 2927 443 2995; x_wconf 88' lang='lat' dir='ltr'>Dei,</span> <span class='ocrx_word' id='word_1_97' title='bbox 465 2927 544 3000; x_wconf 86' lang='lat' dir='ltr'>pacis</span> <span class='ocrx_word' id='word_1_98' title='bbox 566 2926 646 2983; x_wconf 92' lang='lat' dir='ltr'>locus</span> <span class='ocrx_word' id='word_1_99' title='bbox 668 2936 695 2982; x_wconf 88' lang='lat' dir='ltr'>et</span> <span class='ocrx_word' id='word_1_100' title='bbox 717 2928 833 3001; x_wconf 70' lang='lat' dir='ltr'>requiei,</span> 
     </span>
     <span class='ocr_line' id='line_1_22' title="bbox 165 3007 829 3082; baseline -0.005 -14"><span class='ocrx_word' id='word_1_101' title='bbox 165 3011 222 3068; x_wconf 92' lang='lat' dir='ltr'>Hic</span> <span class='ocrx_word' id='word_1_102' title='bbox 243 3019 271 3065; x_wconf 86' lang='lat' dir='ltr'>et</span> <span class='ocrx_word' id='word_1_103' title='bbox 292 3017 359 3065; x_wconf 89' lang='lat' dir='ltr'>eunt</span> <span class='ocrx_word' id='word_1_104' title='bbox 380 3008 481 3082; x_wconf 87' lang='lat' dir='ltr'>inopes</span> <span class='ocrx_word' id='word_1_105' title='bbox 503 3007 540 3064; x_wconf 89' lang='lat' dir='ltr'>ad</span> <span class='ocrx_word' id='word_1_106' title='bbox 563 3007 724 3065; x_wconf 86' lang='lat' dir='ltr'>Salomonis</span> <span class='ocrx_word' id='word_1_107' title='bbox 748 3025 829 3082; x_wconf 89' lang='lat' dir='ltr'>opes.</span> 
     </span>
     <span class='ocr_line' id='line_1_23' title="bbox 125 3092 286 3160; baseline -0.025 -12"><span class='ocrx_word' id='word_1_108' title='bbox 125 3092 214 3160; x_wconf 88' lang='lat' dir='ltr'>Salve,</span> <span class='ocrx_word' id='word_1_109' title='bbox 238 3092 286 3146; x_wconf 81' lang='lat' dir='ltr'>&amp;c</span> 
     </span>
    </p>
   </div>
   <div class='ocr_carea' id='block_1_15' title="bbox 0 0 975 3592">
    <p class='ocr_par' dir='ltr' id='par_1_15' title="bbox 0 0 975 3592">
     <span class='ocr_line' id='line_1_24' title="bbox 0 0 975 3592; baseline 0 0"><span class='ocrx_word' id='word_1_110' title='bbox 0 0 975 3592; x_wconf 95' lang='lat' dir='ltr'> </span> 
     </span>
    </p>
   </div>
  </div>
 </body>
</html>
