1906 3592
130 326 186 385 372

339 310 377 369 In
397 311 479 369 Festo
499 308 531 369 S.
547 309 727 371 Swamma:
764 310 767 318 ’

250 476 353 534 Fracto
375 475 492 532 demum
513 484 701 541 sacramento,

250 556 296 614 Ne
317 555 439 627 vacilles,
461 556 512 614 sed
534 566 682 615 memento

250 637 378 696 Tantum
400 655 464 695 esse
485 638 539 694 sub
561 636 725 712 fragmento

289 719 439 790 Quantum
460 728 522 775 toto
543 720 654 793 tegitur.

248 799 335 858 Nulla
355 801 395 856 rei
417 800 448 857 fit
469 800 608 870 scissura;

250 881 330 957 Signi
351 891 462 938 tantum
483 881 514 937 fit
535 880 665 951 fractura,

249 962 334 1033 Quae
354 981 408 1020 nec
430 971 528 1031 status,
550 980 604 1019 nec
625 973 733 1020 statura

291 1042 400 1118 Signati
421 1043 564 1100 minuitur.

250 1205 326 1264 Ecce
347 1205 430 1281 panis
451 1205 627 1279 angelorum,

250 1286 354 1344 Factus
376 1287 457 1343 cibus
478 1286 625 1356 viatorum,

250 1368 325 1425 Vere
347 1367 429 1442 panis
450 1367 582 1437 filiorum,

291 1448 360 1506 Non
381 1449 537 1506 mittendus
559 1449 687 1506 canibus.

252 1530 286 1586 In
307 1530 405 1604 figuris
428 1530 633 1604 praesignatur,
690 1531 698 1538 '

251 1610 327 1668 Cum
349 1611 432 1668 Isaac
453 1611 632 1668 immolatur:

249 1693 352 1767 Agnus
374 1691 502 1750 Paschae
523 1693 683 1767 deputatur,

290 1773 381 1830 Datur
402 1791 509 1829 manna
530 1772 666 1848 patribus.

251 1936 332 1993 Bone
354 1944 459 2009 pastor,
482 1936 564 2009 panis
586 1953 659 2004 vere,
750 1986 756 1993 ,

250 2017 327 2093 Jesu,
350 2017 439 2073 nostri
460 2017 593 2073 miserere
604 2035 611 2085 ;

251 2098 299 2154 Tu
320 2116 374 2154 nos
396 2116 490 2171 pasce,
513 2115 567 2154 nos
589 2107 676 2166 tuere,

252 2179 300 2236 Tu
321 2197 375 2236 nos
396 2179 473 2236 bona
495 2179 539 2235 fac
560 2179 656 2235 videre

291 2260 326 2316 ln
347 2270 420 2318 terra
441 2261 601 2317 viventium.

252 2342 308 2411 Tu,
331 2342 379 2416 qui
401 2353 503 2398 cuncta
524 2342 579 2399 scis
600 2351 629 2398 et
650 2341 735 2405 vales,

252 2422 310 2492 Qui
332 2440 385 2479 nos
408 2423 502 2496 pascis
524 2422 569 2479 hic
590 2423 734 2490 mortales

251 2503 334 2561 Tuos
355 2504 394 2560 ibi
415 2503 632 2572 commensales,

254 2583 436 2642 Cohaeredes
457 2595 485 2642 ct
507 2584 620 2643 sodales

293 2666 350 2723 Fac
372 2675 535 2723 sanctorum
557 2666 668 2724 civium.
765 2722 766 2729 ,
