<?xml version="1.0" encoding="UTF-8"?>
<!DOCTYPE html PUBLIC "-//W3C//DTD XHTML 1.0 Transitional//EN"
    "http://www.w3.org/TR/xhtml1/DTD/xhtml1-transitional.dtd">
<html xmlns="http://www.w3.org/1999/xhtml" xml:lang="en" lang="en">
 <head>
  <title>
</title>
<meta http-equiv="Content-Type" content="text/html;charset=utf-8" />
  <meta name='ocr-system' content='tesseract 3.04.00' />
  <meta name='ocr-capabilities' content='ocr_page ocr_carea ocr_par ocr_line ocrx_word'/>
</head>
<body>
  <div class='ocr_page' id='page_1' title='image "./hymniecclesiae00churgoog_0411.png"; bbox 0 0 1906 3592; ppageno 0'>
   <div class='ocr_carea' id='block_1_1' title="bbox 128 264 187 332">
    <p class='ocr_par' dir='ltr' id='par_1_1' title="bbox 128 264 187 332">
     <span class='ocr_line' id='line_1_1' title="bbox 128 264 187 332; baseline -0.034 0"><span class='ocrx_word' id='word_1_1' title='bbox 128 264 187 332; x_wconf 81' lang='grc'>384</span> 
     </span>
    </p>
   </div>
   <div class='ocr_carea' id='block_1_2' title="bbox 311 254 743 330">
    <p class='ocr_par' dir='ltr' id='par_1_2' title="bbox 311 254 743 330">
     <span class='ocr_line' id='line_1_2' title="bbox 311 254 743 330; baseline -0.005 -16"><span class='ocrx_word' id='word_1_2' title='bbox 311 255 407 314; x_wconf 85' lang='lat' dir='ltr'>Missa</span> <span class='ocrx_word' id='word_1_3' title='bbox 422 257 454 312; x_wconf 78' lang='lat' dir='ltr'>de</span> <span class='ocrx_word' id='word_1_4' title='bbox 468 254 572 330; x_wconf 75' lang='lat' dir='ltr'>Septem</span> <span class='ocrx_word' id='word_1_5' title='bbox 586 254 743 312; x_wconf 82' lang='lat' dir='ltr'>Doloribus.</span> 
     </span>
    </p>
   </div>
   <div class='ocr_carea' id='block_1_3' title="bbox 289 388 766 626">
    <p class='ocr_par' dir='ltr' id='par_1_3' title="bbox 289 388 766 626">
     <span class='ocr_line' id='line_1_3' title="bbox 289 388 708 448; baseline -0.007 -2"><span class='ocrx_word' id='word_1_6' title='bbox 289 391 347 448; x_wconf 88' lang='lat' dir='ltr'><strong>Fac</strong></span> <span class='ocrx_word' id='word_1_7' title='bbox 368 398 400 446; x_wconf 93' lang='lat' dir='ltr'>ut</span> <span class='ocrx_word' id='word_1_8' title='bbox 421 388 519 445; x_wconf 81' lang='lat' dir='ltr'>ardeat</span> <span class='ocrx_word' id='word_1_9' title='bbox 540 404 708 444; x_wconf 89' lang='lat' dir='ltr'>cormeum</span> 
     </span>
     <span class='ocr_line' id='line_1_4' title="bbox 290 467 766 537; baseline -0.011 -9"><span class='ocrx_word' id='word_1_10' title='bbox 290 472 325 528; x_wconf 91' lang='lat' dir='ltr'>ln</span> <span class='ocrx_word' id='word_1_11' title='bbox 346 469 473 528; x_wconf 86' lang='lat' dir='ltr'><strong>amando</strong></span> <span class='ocrx_word' id='word_1_12' title='bbox 495 468 641 526; x_wconf 87' lang='lat' dir='ltr'><strong>Christum</strong></span> <span class='ocrx_word' id='word_1_13' title='bbox 662 467 766 537; x_wconf 90' lang='lat' dir='ltr'><strong>Deum,</strong></span> 
     </span>
     <span class='ocr_line' id='line_1_5' title="bbox 328 550 671 626; baseline -0.009 -17"><span class='ocrx_word' id='word_1_14' title='bbox 328 552 368 609; x_wconf 92' lang='lat' dir='ltr'>Ut</span> <span class='ocrx_word' id='word_1_15' title='bbox 390 551 443 608; x_wconf 92' lang='lat' dir='ltr'>sibi</span> <span class='ocrx_word' id='word_1_16' title='bbox 465 550 671 626; x_wconf 82' lang='lat' dir='ltr'><strong>complaceam.</strong></span> 
     </span>
    </p>
   </div>
   <div class='ocr_carea' id='block_1_4' title="bbox 288 663 717 1128">
    <p class='ocr_par' dir='ltr' id='par_1_4' title="bbox 290 663 717 740">
     <span class='ocr_line' id='line_1_6' title="bbox 290 663 717 740; baseline -0.009 -15"><span class='ocrx_word' id='word_1_17' title='bbox 290 667 396 725; x_wconf 86' lang='lat' dir='ltr'><strong>Sancta</strong></span> <span class='ocrx_word' id='word_1_18' title='bbox 417 664 519 733; x_wconf 86' lang='lat' dir='ltr'>Mater,</span> <span class='ocrx_word' id='word_1_19' title='bbox 541 663 618 722; x_wconf 91' lang='lat' dir='ltr'>istud</span> <span class='ocrx_word' id='word_1_20' title='bbox 639 683 717 740; x_wconf 75' lang='lat' dir='ltr'><strong>agas</strong></span> 
     </span>
    </p>

    <p class='ocr_par' dir='ltr' id='par_1_5' title="bbox 288 746 642 886">
     <span class='ocr_line' id='line_1_7' title="bbox 288 746 622 821; baseline -0.009 -15"><span class='ocrx_word' id='word_1_21' title='bbox 288 747 422 806; x_wconf 85' lang='lat' dir='ltr'>Crucifixi</span> <span class='ocrx_word' id='word_1_22' title='bbox 443 746 501 821; x_wconf 86' lang='lat' dir='ltr'>fige</span> <span class='ocrx_word' id='word_1_23' title='bbox 521 746 622 820; x_wconf 85' lang='lat' dir='ltr'>plagas</span> 
     </span>
     <span class='ocr_line' id='line_1_8' title="bbox 331 827 642 886; baseline -0.006 0"><span class='ocrx_word' id='word_1_24' title='bbox 331 828 419 886; x_wconf 92' lang='lat' dir='ltr'>Cordi</span> <span class='ocrx_word' id='word_1_25' title='bbox 440 844 508 884; x_wconf 89' lang='lat' dir='ltr'>meo</span> <span class='ocrx_word' id='word_1_26' title='bbox 532 827 642 884; x_wconf 88' lang='lat' dir='ltr'><strong>valide:</strong></span> 
     </span>
    </p>

    <p class='ocr_par' dir='ltr' id='par_1_6' title="bbox 291 908 588 979">
     <span class='ocr_line' id='line_1_9' title="bbox 291 908 588 979; baseline -0.01 -12"><span class='ocrx_word' id='word_1_27' title='bbox 291 910 349 967; x_wconf 92' lang='lat' dir='ltr'>Tui</span> <span class='ocrx_word' id='word_1_28' title='bbox 363 910 421 966; x_wconf 89' lang='lat' dir='ltr'>nati</span> <span class='ocrx_word' id='word_1_29' title='bbox 442 908 588 979; x_wconf 78' lang='lat' dir='ltr'>vulnerati,</span> 
     </span>
    </p>

    <p class='ocr_par' dir='ltr' id='par_1_7' title="bbox 289 990 714 1128">
     <span class='ocr_line' id='line_1_10' title="bbox 289 990 714 1068; baseline -0.009 -19"><span class='ocrx_word' id='word_1_30' title='bbox 289 991 354 1068; x_wconf 87' lang='lat' dir='ltr'><strong>Jam</strong></span> <span class='ocrx_word' id='word_1_31' title='bbox 376 990 484 1064; x_wconf 81' lang='lat' dir='ltr'>dignati</span> <span class='ocrx_word' id='word_1_32' title='bbox 504 1007 558 1064; x_wconf 90' lang='lat' dir='ltr'>pro</span> <span class='ocrx_word' id='word_1_33' title='bbox 579 1007 627 1046; x_wconf 88' lang='lat' dir='ltr'>me</span> <span class='ocrx_word' id='word_1_34' title='bbox 648 990 714 1063; x_wconf 88' lang='lat' dir='ltr'>pati,</span> 
     </span>
     <span class='ocr_line' id='line_1_11' title="bbox 329 1070 701 1128; baseline -0.005 0"><span class='ocrx_word' id='word_1_35' title='bbox 329 1071 442 1128; x_wconf 89' lang='lat' dir='ltr'>Poenas</span> <span class='ocrx_word' id='word_1_36' title='bbox 463 1088 579 1128; x_wconf 76' lang='lat' dir='ltr'>mestun</span> <span class='ocrx_word' id='word_1_37' title='bbox 601 1070 701 1128; x_wconf 89' lang='lat' dir='ltr'>divide.</span> 
     </span>
    </p>
   </div>
   <div class='ocr_carea' id='block_1_5' title="bbox 289 1184 730 1666">
    <p class='ocr_par' dir='ltr' id='par_1_8' title="bbox 289 1184 730 1666">
     <span class='ocr_line' id='line_1_12' title="bbox 290 1184 722 1247; baseline -0.009 -4"><span class='ocrx_word' id='word_1_38' title='bbox 290 1186 349 1243; x_wconf 88' lang='lat' dir='ltr'><strong>Fac</strong></span> <span class='ocrx_word' id='word_1_39' title='bbox 370 1203 418 1242; x_wconf 89' lang='lat' dir='ltr'>me</span> <span class='ocrx_word' id='word_1_40' title='bbox 440 1203 504 1242; x_wconf 87' lang='lat' dir='ltr'>vere</span> <span class='ocrx_word' id='word_1_41' title='bbox 526 1194 622 1241; x_wconf 90' lang='lat' dir='ltr'>tecum</span> <span class='ocrx_word' id='word_1_42' title='bbox 647 1184 722 1247; x_wconf 89' lang='lat' dir='ltr'>flere,</span> 
     </span>
     <span class='ocr_line' id='line_1_13' title="bbox 291 1265 619 1334; baseline -0.003 -11"><span class='ocrx_word' id='word_1_43' title='bbox 291 1267 436 1324; x_wconf 85' lang='lat' dir='ltr'>Crucifixo</span> <span class='ocrx_word' id='word_1_44' title='bbox 457 1265 619 1334; x_wconf 85' lang='lat' dir='ltr'>condolere,</span> 
     </span>
     <span class='ocr_line' id='line_1_14' title="bbox 330 1347 646 1421; baseline -0.009 -17"><span class='ocrx_word' id='word_1_45' title='bbox 330 1348 432 1404; x_wconf 88' lang='lat' dir='ltr'>Donec</span> <span class='ocrx_word' id='word_1_46' title='bbox 454 1365 510 1421; x_wconf 85' lang='lat' dir='ltr'>ego</span> <span class='ocrx_word' id='word_1_47' title='bbox 532 1347 646 1403; x_wconf 83' lang='lat' dir='ltr'>vixero:</span> 
     </span>
     <span class='ocr_line' id='line_1_15' title="bbox 289 1429 730 1505; baseline -0.011 -19"><span class='ocrx_word' id='word_1_48' title='bbox 289 1429 375 1505; x_wconf 83' lang='lat' dir='ltr'><strong>Juxta</strong></span> <span class='ocrx_word' id='word_1_49' title='bbox 396 1446 512 1486; x_wconf 85' lang='lat' dir='ltr'>erucem</span> <span class='ocrx_word' id='word_1_50' title='bbox 531 1437 627 1485; x_wconf 88' lang='lat' dir='ltr'>tecum</span> <span class='ocrx_word' id='word_1_51' title='bbox 649 1436 730 1495; x_wconf 87' lang='lat' dir='ltr'>stare,</span> 
     </span>
     <span class='ocr_line' id='line_1_16' title="bbox 290 1509 607 1567; baseline -0.003 0"><span class='ocrx_word' id='word_1_52' title='bbox 290 1510 336 1567; x_wconf 88' lang='lat' dir='ltr'>Te</span> <span class='ocrx_word' id='word_1_53' title='bbox 358 1511 477 1566; x_wconf 85' lang='lat' dir='ltr'>libenter</span> <span class='ocrx_word' id='word_1_54' title='bbox 498 1509 607 1566; x_wconf 89' lang='lat' dir='ltr'>sociare</span> 
     </span>
     <span class='ocr_line' id='line_1_17' title="bbox 330 1590 663 1666; baseline -0.006 -19"><span class='ocrx_word' id='word_1_55' title='bbox 330 1591 366 1647; x_wconf 93' lang='lat' dir='ltr'>ln</span> <span class='ocrx_word' id='word_1_56' title='bbox 387 1591 503 1666; x_wconf 89' lang='lat' dir='ltr'><strong>planctu</strong></span> <span class='ocrx_word' id='word_1_57' title='bbox 523 1590 663 1647; x_wconf 89' lang='lat' dir='ltr'>desidero.</span> 
     </span>
    </p>
   </div>
   <div class='ocr_carea' id='block_1_6' title="bbox 289 1701 715 1778">
    <p class='ocr_par' dir='ltr' id='par_1_9' title="bbox 289 1701 715 1778">
     <span class='ocr_line' id='line_1_18' title="bbox 289 1701 715 1778; baseline -0.009 -17"><span class='ocrx_word' id='word_1_58' title='bbox 289 1705 381 1778; x_wconf 86' lang='lat' dir='ltr'>Virgo</span> <span class='ocrx_word' id='word_1_59' title='bbox 402 1703 542 1777; x_wconf 86' lang='lat' dir='ltr'>virginum</span> <span class='ocrx_word' id='word_1_60' title='bbox 563 1701 715 1776; x_wconf 87' lang='lat' dir='ltr'><strong>praeclara,</strong></span> 
     </span>
    </p>
   </div>
   <div class='ocr_carea' id='block_1_7' title="bbox 289 1784 804 2183">
    <p class='ocr_par' dir='ltr' id='par_1_10' title="bbox 290 1784 709 1859">
     <span class='ocr_line' id='line_1_19' title="bbox 290 1784 709 1859; baseline -0.01 -17"><span class='ocrx_word' id='word_1_61' title='bbox 290 1785 363 1842; x_wconf 88' lang='lat' dir='ltr'>Mihi</span> <span class='ocrx_word' id='word_1_62' title='bbox 382 1785 443 1859; x_wconf 86' lang='lat' dir='ltr'><strong>jam</strong></span> <span class='ocrx_word' id='word_1_63' title='bbox 464 1802 523 1841; x_wconf 90' lang='lat' dir='ltr'>non</span> <span class='ocrx_word' id='word_1_64' title='bbox 544 1784 583 1841; x_wconf 93' lang='lat' dir='ltr'>sis</span> <span class='ocrx_word' id='word_1_65' title='bbox 604 1800 709 1851; x_wconf 87' lang='lat' dir='ltr'><strong>amara,</strong></span> 
     </span>
    </p>

    <p class='ocr_par' dir='ltr' id='par_1_11' title="bbox 289 1865 804 2102">
     <span class='ocr_line' id='line_1_20' title="bbox 330 1865 748 1938; baseline -0.005 -16"><span class='ocrx_word' id='word_1_66' title='bbox 330 1866 388 1923; x_wconf 86' lang='lat' dir='ltr'><strong>Fac</strong></span> <span class='ocrx_word' id='word_1_67' title='bbox 410 1883 457 1922; x_wconf 87' lang='lat' dir='ltr'>me</span> <span class='ocrx_word' id='word_1_68' title='bbox 479 1875 576 1922; x_wconf 88' lang='lat' dir='ltr'>tecum</span> <span class='ocrx_word' id='word_1_69' title='bbox 597 1865 748 1938; x_wconf 86' lang='lat' dir='ltr'>plangere;</span> 
     </span>
     <span class='ocr_line' id='line_1_21' title="bbox 289 1945 804 2020; baseline -0.012 -15"><span class='ocrx_word' id='word_1_70' title='bbox 289 1948 348 2005; x_wconf 88' lang='lat' dir='ltr'><strong>Fac</strong></span> <span class='ocrx_word' id='word_1_71' title='bbox 369 1950 403 2003; x_wconf 91' lang='lat' dir='ltr'>ut&#39;</span> <span class='ocrx_word' id='word_1_72' title='bbox 419 1957 533 2020; x_wconf 91' lang='lat' dir='ltr'>portem</span> <span class='ocrx_word' id='word_1_73' title='bbox 548 1945 652 2003; x_wconf 86' lang='lat' dir='ltr'>Christi</span> <span class='ocrx_word' id='word_1_74' title='bbox 673 1953 804 2011; x_wconf 86' lang='lat' dir='ltr'>mortem,</span> 
     </span>
     <span class='ocr_line' id='line_1_22' title="bbox 291 2028 647 2102; baseline -0.008 -16"><span class='ocrx_word' id='word_1_75' title='bbox 291 2028 436 2086; x_wconf 88' lang='lat' dir='ltr'>Passionis</span> <span class='ocrx_word' id='word_1_76' title='bbox 458 2028 519 2102; x_wconf 88' lang='lat' dir='ltr'>ejus</span> <span class='ocrx_word' id='word_1_77' title='bbox 541 2037 647 2084; x_wconf 90' lang='lat' dir='ltr'>sortem</span> 
     </span>
    </p>

    <p class='ocr_par' dir='ltr' id='par_1_12' title="bbox 331 2108 637 2183">
     <span class='ocr_line' id='line_1_23' title="bbox 331 2108 637 2183; baseline -0.003 -18"><span class='ocrx_word' id='word_1_78' title='bbox 331 2110 369 2166; x_wconf 89' lang='lat' dir='ltr'>Et</span> <span class='ocrx_word' id='word_1_79' title='bbox 383 2109 484 2183; x_wconf 84' lang='lat' dir='ltr'><strong>plagas</strong></span> <span class='ocrx_word' id='word_1_80' title='bbox 505 2108 637 2164; x_wconf 89' lang='lat' dir='ltr'>recolere.</span> 
     </span>
    </p>
   </div>
   <div class='ocr_carea' id='block_1_8' title="bbox 291 2223 756 3061">
    <p class='ocr_par' dir='ltr' id='par_1_13' title="bbox 291 2223 699 2373">
     <span class='ocr_line' id='line_1_24' title="bbox 291 2223 699 2297; baseline -0.007 -16"><span class='ocrx_word' id='word_1_81' title='bbox 291 2225 348 2281; x_wconf 86' lang='lat' dir='ltr'><strong>Fac</strong></span> <span class='ocrx_word' id='word_1_82' title='bbox 370 2243 417 2280; x_wconf 89' lang='lat' dir='ltr'>me</span> <span class='ocrx_word' id='word_1_83' title='bbox 438 2223 531 2297; x_wconf 86' lang='lat' dir='ltr'>plagis</span> <span class='ocrx_word' id='word_1_84' title='bbox 552 2223 699 2292; x_wconf 87' lang='lat' dir='ltr'>vulnerari,</span> 
     </span>
     <span class='ocr_line' id='line_1_25' title="bbox 292 2305 620 2373; baseline -0.012 -10"><span class='ocrx_word' id='word_1_85' title='bbox 292 2306 384 2363; x_wconf 90' lang='lat' dir='ltr'>Cruce</span> <span class='ocrx_word' id='word_1_86' title='bbox 406 2305 460 2362; x_wconf 90' lang='lat' dir='ltr'><strong>hac</strong></span> <span class='ocrx_word' id='word_1_87' title='bbox 481 2305 620 2373; x_wconf 88' lang='lat' dir='ltr'>inebriari,</span> 
     </span>
    </p>

    <p class='ocr_par' dir='ltr' id='par_1_14' title="bbox 292 2385 756 2623">
     <span class='ocr_line' id='line_1_26' title="bbox 330 2385 619 2444; baseline -0.01 0"><span class='ocrx_word' id='word_1_88' title='bbox 330 2386 378 2444; x_wconf 93' lang='lat' dir='ltr'>Ob</span> <span class='ocrx_word' id='word_1_89' title='bbox 399 2404 528 2444; x_wconf 88' lang='lat' dir='ltr'><strong>amorem</strong></span> <span class='ocrx_word' id='word_1_90' title='bbox 549 2385 619 2442; x_wconf 88' lang='lat' dir='ltr'>Filii.</span> 
     </span>
     <span class='ocr_line' id='line_1_27' title="bbox 293 2468 699 2524; baseline -0.002 0"><span class='ocrx_word' id='word_1_91' title='bbox 293 2468 490 2524; x_wconf 90' lang='lat' dir='ltr'><strong>Inflammatus</strong></span> <span class='ocrx_word' id='word_1_92' title='bbox 512 2477 540 2523; x_wconf 86' lang='lat' dir='ltr'>et</span> <span class='ocrx_word' id='word_1_93' title='bbox 561 2485 699 2523; x_wconf 88' lang='lat' dir='ltr'>accensus</span> 
     </span>
     <span class='ocr_line' id='line_1_28' title="bbox 292 2547 756 2623; baseline 0 -18"><span class='ocrx_word' id='word_1_94' title='bbox 292 2550 346 2606; x_wconf 85' lang='lat' dir='ltr'>Per</span> <span class='ocrx_word' id='word_1_95' title='bbox 367 2559 403 2618; x_wconf 83' lang='lat' dir='ltr'>te,</span> <span class='ocrx_word' id='word_1_96' title='bbox 425 2548 523 2623; x_wconf 85' lang='lat' dir='ltr'>Virgo,</span> <span class='ocrx_word' id='word_1_97' title='bbox 546 2549 599 2604; x_wconf 91' lang='lat' dir='ltr'>sim</span> <span class='ocrx_word' id='word_1_98' title='bbox 621 2547 756 2605; x_wconf 81' lang='lat' dir='ltr'>defensus</span> 
     </span>
    </p>

    <p class='ocr_par' dir='ltr' id='par_1_15' title="bbox 332 2630 560 2704">
     <span class='ocr_line' id='line_1_29' title="bbox 332 2630 560 2704; baseline 0.004 -19"><span class='ocrx_word' id='word_1_99' title='bbox 332 2631 367 2686; x_wconf 90' lang='lat' dir='ltr'>ln</span> <span class='ocrx_word' id='word_1_100' title='bbox 389 2631 441 2702; x_wconf 68' lang='lat' dir='ltr'>die⁴</span> <span class='ocrx_word' id='word_1_101' title='bbox 455 2630 560 2704; x_wconf 88' lang='lat' dir='ltr'>judicii.</span> 
     </span>
    </p>

    <p class='ocr_par' dir='ltr' id='par_1_16' title="bbox 291 2743 716 2900">
     <span class='ocr_line' id='line_1_30' title="bbox 292 2743 689 2812; baseline 0 -13"><span class='ocrx_word' id='word_1_102' title='bbox 292 2743 350 2800; x_wconf 86' lang='lat' dir='ltr'><strong>Fac</strong></span> <span class='ocrx_word' id='word_1_103' title='bbox 371 2762 418 2800; x_wconf 91' lang='lat' dir='ltr'>me</span> <span class='ocrx_word' id='word_1_104' title='bbox 440 2761 522 2801; x_wconf 88' lang='lat' dir='ltr'>cruce</span> <span class='ocrx_word' id='word_1_105' title='bbox 545 2743 689 2812; x_wconf 86' lang='lat' dir='ltr'>custodiri,</span> 
     </span>
     <span class='ocr_line' id='line_1_31' title="bbox 291 2824 716 2900; baseline -0.002 -19"><span class='ocrx_word' id='word_1_106' title='bbox 291 2824 386 2882; x_wconf 87' lang='lat' dir='ltr'>Morte</span> <span class='ocrx_word' id='word_1_107' title='bbox 409 2824 513 2883; x_wconf 89' lang='lat' dir='ltr'>Christi</span> <span class='ocrx_word' id='word_1_108' title='bbox 534 2826 716 2900; x_wconf 86' lang='lat' dir='ltr'>praemuniri,</span> 
     </span>
    </p>

    <p class='ocr_par' dir='ltr' id='par_1_17' title="bbox 333 2905 606 2982">
     <span class='ocr_line' id='line_1_32' title="bbox 333 2905 606 2982; baseline 0 -19"><span class='ocrx_word' id='word_1_109' title='bbox 333 2905 487 2963; x_wconf 81' lang='lat' dir='ltr'>Confoveri</span> <span class='ocrx_word' id='word_1_110' title='bbox 508 2908 606 2982; x_wconf 87' lang='lat' dir='ltr'><strong>gratia.</strong></span> 
     </span>
    </p>

    <p class='ocr_par' dir='ltr' id='par_1_18' title="bbox 291 2986 708 3061">
     <span class='ocr_line' id='line_1_33' title="bbox 291 2986 708 3061; baseline 0.002 -19"><span class='ocrx_word' id='word_1_111' title='bbox 291 2986 418 3055; x_wconf 87' lang='lat' dir='ltr'><strong>Quando</strong></span> <span class='ocrx_word' id='word_1_112' title='bbox 440 3005 544 3061; x_wconf 86' lang='lat' dir='ltr'>corpus</span> <span class='ocrx_word' id='word_1_113' title='bbox 565 2989 708 3056; x_wconf 87' lang='lat' dir='ltr'>morietur,</span> 
     </span>
    </p>
   </div>
   <div class='ocr_carea' id='block_1_9' title="bbox 292 3067 685 3222">
    <p class='ocr_par' dir='ltr' id='par_1_19' title="bbox 292 3067 685 3222">
     <span class='ocr_line' id='line_1_34' title="bbox 292 3067 685 3137; baseline 0.005 -15"><span class='ocrx_word' id='word_1_114' title='bbox 292 3067 350 3123; x_wconf 89' lang='lat' dir='ltr'><strong>Fac</strong></span> <span class='ocrx_word' id='word_1_115' title='bbox 371 3077 402 3123; x_wconf 88' lang='lat' dir='ltr'>ut</span> <span class='ocrx_word' id='word_1_116' title='bbox 423 3068 534 3124; x_wconf 89' lang='lat' dir='ltr'><strong>animae</strong></span> <span class='ocrx_word' id='word_1_117' title='bbox 556 3070 685 3137; x_wconf 90' lang='lat' dir='ltr'>donetur,</span> 
     </span>
     <span class='ocr_line' id='line_1_35' title="bbox 331 3147 575 3222; baseline 0.012 -20"><span class='ocrx_word' id='word_1_118' title='bbox 331 3147 457 3206; x_wconf 88' lang='lat' dir='ltr'>Paradisi</span> <span class='ocrx_word' id='word_1_119' title='bbox 477 3148 575 3222; x_wconf 85' lang='lat' dir='ltr'><strong>gloria.</strong></span> 
     </span>
    </p>
   </div>
   <div class='ocr_carea' id='block_1_10' title="bbox 0 0 962 3592">
    <p class='ocr_par' dir='ltr' id='par_1_20' title="bbox 0 0 962 3592">
     <span class='ocr_line' id='line_1_36' title="bbox 0 0 962 3592; baseline 0 0"><span class='ocrx_word' id='word_1_120' title='bbox 0 0 962 3592; x_wconf 95' lang='lat' dir='ltr'> </span> 
     </span>
    </p>
   </div>
  </div>
 </body>
</html>
