1906 3592
125 282 161 334 42
313 263 352 321 In
372 262 453 321 Festo
474 261 530 322 SS.
545 261 740 322 Innocentium.
764 293 765 296 ¹
869 296 871 303 ·

165 425 293 484 Christus
314 427 392 484 vocis
413 445 511 502 egens,
533 436 561 484 te
582 427 781 496 morientibus,

166 506 233 578 Qua
253 506 297 565 fas
318 517 369 577 est,
391 507 482 566 oculis
503 507 676 583 discipulum
697 508 793 577 docet,

164 587 208 644 Ex
231 587 278 646 illa
298 589 432 647 cathedra
453 606 541 664 quam
563 607 646 647 cruor
667 589 780 659 imbuit,

246 668 344 728 Terris
365 669 510 746 praedicat
530 669 673 728 omnibus.

165 830 270 889 Christi
291 831 348 889 fide
369 849 476 902 comes,
498 831 630 907 passibus
651 831 782 901 aemulis,

166 912 234 984 Quo
256 922 283 970 te
305 912 385 970 duxit
406 930 495 982 amor,
516 922 545 970 te
566 913 648 970 liceat
669 913 772 987 sequi:

166 993 273 1069 Ingens
295 994 340 1051 ille
361 994 430 1051 mihi
453 994 487 1051 sit
508 993 596 1064 favor,
618 1002 647 1050 et
668 993 729 1069 pati

247 1074 322 1133 Cum
344 1074 467 1145 Christo,
489 1074 573 1133 simul
594 1083 622 1131 et
643 1076 726 1132 mori.

168 1234 209 1292 Sit
230 1235 292 1293 laus
314 1253 428 1293 summa
448 1235 532 1306 Patri,
555 1253 727 1310 summaque
750 1235 841 1305 Filio,

167 1315 209 1373 Sit
229 1335 289 1391 par,
311 1327 417 1386 sancte,
438 1317 489 1374 tibi
509 1317 608 1392 gloria,
632 1316 770 1392 Spiritus:

167 1397 249 1455 Haec
271 1407 313 1455 est
335 1408 411 1455 certa
432 1397 512 1468 fides,
534 1397 661 1455 fontibus
682 1416 699 1455 e
721 1398 778 1455 tuis

247 1478 344 1550 Quam
366 1479 497 1536 divinitus
518 1477 673 1536 hausimus.

426 1655 638 1665 —-

226 1746 425 1828 ru'rusro
448 1769 498 1827 ss
522 1767 833 1828 ruuocuurrum.

140 1916 185 1958 AD
206 1914 359 1959 OFFICIUM
381 1914 476 1958 NOCT.
501 1914 543 1957 ET
566 1911 729 1956 SECUNDAS
752 1914 875 1957 vEsPEu

293 2036 412 2105 Salvete,
434 2035 519 2094 flores
541 2034 710 2109 Martyrum,

291 2117 417 2174 Iniucis
439 2118 502 2192 ipso
523 2117 620 2174 limine

292 2197 375 2269 Quos
397 2215 498 2256 saevus
519 2197 595 2254 ensis
615 2195 743 2265 messuit,

292 2276 355 2336 Ceu
375 2279 458 2335 turbo
478 2286 628 2335 nascentes
649 2292 738 2334 rosas

292 2439 355 2497 Vos
375 2440 468 2515 prima
489 2437 594 2496 Christi
614 2437 736 2508 victima,

293 2519 371 2579 Grex
393 2520 604 2578 immolatorum
624 2527 713 2588 tener,

291 2603 381 2659 Aram
402 2603 455 2660 sub
476 2602 569 2677 ipsam
590 2599 734 2674 simplices

293 2683 392 2741 Palma
414 2693 443 2741 et
463 2683 576 2741 coronis
596 2680 700 2738 luditis,

294 2844 373 2914 Quid
395 2845 506 2920 proficit
526 2853 637 2902 tantum
658 2841 759 2900 nefas?

294 2923 373 2994 Quid
395 2927 503 2983 crimen
524 2925 675 2982 Herodem
694 2924 792 2999 juvat?

295 3004 378 3063 Unus
399 3015 441 3062 tot
462 3008 534 3064 inter
554 3005 653 3062 funera

296 3084 418 3160 Impune
440 3085 570 3145 Christus
591 3085 702 3144 tollitur.
