1950 3600
287 239 333 299 'In
353 237 456 299 Decoll.
478 237 511 299 S.
525 239 656 317 loannis.
819 256 872 316 147

266 575 312 618 AD
333 573 495 619 SECUNDAS
519 573 680 619 VESPERAS.

154 784 298 844 Omnibus
318 793 416 840 manat
437 800 521 841 cruor
541 801 609 842 ecee
630 783 725 842 venis:

154 866 232 926 Hinc
254 865 330 924 sitim
350 864 469 939 longam
491 864 570 934 satia,
591 873 710 940 tyranne
721 884 729 935 ;

154 947 191 1007 Et
212 948 293 1006 cibos
314 947 387 1003 inter
407 955 578 1021 paterasque
599 963 674 1022 puro

236 1027 381 1107 Sanguine
402 1027 468 1085 liba.
537 1062 540 1067 ,

155 1191 195 1249 Ut
216 1200 303 1264 eaput
323 1188 401 1258 vidit,
422 1187 545 1269 dapibus
565 1189 682 1263 paratis,

155 1272 252 1331 Triste
273 1270 394 1329 fumanti
415 1269 534 1327 natitare
556 1270 632 1339 tabo,

156 1352 267 1422 Haesit,
289 1351 418 1426 impastis
439 1349 611 1426 fremuitque
632 1350 746 1408 mensis-

235 1432 356 1492 Funeris
377 1440 485 1490 auctor.

155 1595 224 1654 Non
244 1604 342 1654 tamen
362 1593 463 1650 frontis
483 1593 606 1668 gravitas
627 1610 745 1651 serenae

156 1676 249 1735 Cessit
270 1675 373 1733 immiti
393 1674 496 1732 violata
517 1673 608 1732 ferro:

155 1757 235 1816 Dura
255 1757 379 1815 mitescit
398 1755 514 1834 placido
535 1757 589 1813 sub
609 1773 659 1815 ore

236 1837 340 1896 Mortis
361 1837 467 1913 imago,

157 2000 203 2058 Sic
224 2017 278 2058 suo
298 2017 411 2058 rursum
431 1997 513 2057 Deus
533 1997 609 2056 hunc
630 1997 741 2072 praeire

156 2080 297 2140 Nuntium
318 2079 434 2140 Christo
452 2080 540 2155 jubet,
562 2078 715 2154 inferisque

156 2162 241 2221 Ferre
262 2179 436 2237 praeconem
457 2179 532 2218 nova
552 2158 690 2217 liberandi

237 2242 354 2302 Gaudia
373 2242 482 2301 mundi.

58 2434 62 2445 ·
157 2373 215 2477 Qui
236 2404 302 2463 neo
322 2384 425 2480 plenus
445 2403 544 2478 rigidis
565 2401 691 2459 futurum

157 2486 288 2544 Moribus
309 2485 455 2544 Christum
476 2484 555 2541 rudis
575 2482 763 2559 exprimebat,

157 2567 264 2626 Debuit
284 2567 355 2632 dura
376 2583 491 2642 quoque
512 2574 604 2623 morte
625 2573 717 2623 totum

238 2647 373 2706 Reddere
385 2646 549 2707 'Christum

159 2809 279 2868 Summa
299 2810 361 2867 laus
382 2808 467 2877 Patri,
489 2807 645 2883 genitoque
666 2804 782 2874 Verbo;

158 2890 196 2948 Et
216 2891 267 2948 tibi
288 2908 415 2965 compar,
436 2889 583 2964 utriusque
603 2888 695 2943 nexirs

160 2971 282 3048 Spiritus
303 2989 425 3046 semper,
447 2970 528 3028 Deus
548 2985 623 3026 unus
644 2966 724 3025 omni

241 3052 396 3129 Temporis
417 3069 498 3109 aevo.

644 3144 663 3184 u
679 3147 694 3184 2
