1906 3592
149 266 209 320 324
355 249 394 306 In
414 247 495 306 Festo
516 245 572 307 SS.
592 245 751 306 Trinitatis.

148 413 259 485 Agnus,
271 411 350 481 Ovis,
362 410 484 481 Vitulus,
495 410 628 486 Serpens,
640 413 733 483 Aries,
747 412 816 483 Leo,
826 411 927 473 Vernis,

148 491 199 561 Os,
210 491 348 563 Verbum,
361 492 511 568 Splendor,
524 492 582 562 Sol,
595 491 703 563 Gloria,
713 493 787 564 Lux,
802 486 830 551 et
840 494 928 565 Imago,

145 572 240 644 Pania,
256 574 332 644 Flos,
347 573 428 645 Vitis,
443 574 540 643 Mons,
554 572 656 649 Janua‚
672 574 765 645 Petra,
781 575 914 650 Lapisque,

146 656 285 730 Angelus
295 665 322 713 et
327 655 466 730 Sponsus,
471 655 637 730 Pastorque,
643 655 797 732 Propheta,
804 655 928 718 Sacerdos,

147 736 316 808 Athanatos,
329 736 443 812 Kyrios,
455 737 544 794 theon
558 747 668 811 panton
683 737 801 810 Craton,
816 749 842 796 et
857 737 926 799 Iesus,

147 816 287 876 Salvificet
302 837 372 877 nos:
395 819 430 875 sit
444 819 484 876 tui
498 817 593 876 saecla
606 836 658 893 per
672 821 772 878 omnia
787 821 867 877 doxa.

447 1072 650 1080 *ιι-.-

269 1267 312 1324 IN
335 1265 466 1325 FESTO
489 1265 540 1323 SS.
563 1263 820 1324 TRINITATIS.

444 1482 490 1525 AD
511 1481 646 1526 Laupas.

224 1640 251 1698 Ο
274 1640 358 1697 Pater
379 1647 476 1696 sancte
497 1638 574 1694 mitis
595 1646 681 1712 atque
703 1639 759 1712 pie,

224 1721 251 1779 O
273 1720 342 1797 Jesu
363 1719 475 1778 Christe
496 1717 550 1774 Fili
571 1719 742 1788 venerande,

222 1802 416 1876 Paracliteque
439 1799 559 1875 Spiritus
581 1798 609 1857 Ο
631 1799 715 1871 alme,

301 1883 382 1940 Deus
403 1893 526 1950 aeterne,

220 2048 346 2103 Trinitas
368 2054 467 2103 sancta
488 2043 648 2117 Unitasque
670 2042 761 2111 firma,

221 2129 319 2185 Deitas
341 2145 414 2191 vera,
437 2126 554 2182 Bonitas
576 2124 726 2193 immensa,

220 2210 283 2266 Lux
306 2208 483 2283 angelorum,
506 2206 581 2265 salus
603 2205 809 2280 orphanorum,

302 2291 433 2365 Spesque
455 2288 631 2355 cunctorum,

220 2454 349 2510 Serviunt
371 2452 420 2508 tibi
442 2461 545 2507 cuneta
565 2467 639 2523 quae
661 2449 772 2517 creasti,

217 2535 262 2591 Te
284 2545 349 2591 tuae
371 2542 491 2590 cunctae
512 2531 628 2588 laudant
649 2539 803 2598 creaturae,

217 2615 280 2673 Nos
302 2633 419 2690 quoque
440 2614 490 2670 tibi
510 2611 657 2687 psallimus
679 2610 791 2679 devote,

298 2696 348 2754 Tu
368 2713 422 2754 nos
444 2694 555 2752 exaudi.

217 2858 316 2915 Gloria
336 2859 386 2915 tibi
407 2857 590 2931 omnipotens
612 2855 702 2927 Deus,

216 2939 322 2997 Trinus
343 2950 371 2997 et
392 2956 474 3007 unuS,
495 2954 620 3009 magnus
641 2947 669 2993 et
691 2934 830 3003 excelsus,

215 3020 259 3077 Te
281 3020 363 3077 decet
385 3018 516 3093 hymnus,
537 3017 639 3086 honor,
661 3018 723 3074 laus
745 3026 773 3074 et
796 3017 889 3084 decus,

294 3100 390 3168 Nunc,
411 3107 439 3155 et
458 3099 488 3154 in
509 3114 620 3154 aevum.
