1950 3600
298 231 355 292 SS.
376 233 462 292 Petri
478 241 504 293 et
521 235 618 295 Pauli.
800 249 852 308 127

141 395 247 454 Laetus
267 404 417 455 aeternum
438 398 562 457 celebret
583 398 734 457 Parentem

142 476 248 536 Orbis:
271 486 420 536 aeternum
441 480 565 539 celebret
585 479 714 538 Parentis

143 557 262 615 Filium:
287 576 339 634 par
360 560 396 618 sit
417 561 467 618 tibi
487 561 549 620 laus
568 579 621 637 per
641 578 738 630 omne,

221 638 349 714 Spiritus,
370 659 481 702 aevum.

388 807 538 816 *uu-.-

364 923 460 1006 Juun
484 944 536 1011 29.

259 1127 310 1187 SS.
334 1127 459 1186 PETRI
480 1127 536 1184 ET
557 1125 679 1187 PAULI

303 1259 625 1320 APOSTOLORUM.

279 1473 325 1515 AD
346 1471 462 1515 PRIMAS
488 1469 649 1514 VESPERAS.

109 1625 192 1696 Quos
211 1625 304 1702 junxit
324 1642 407 1694 unus,
429 1623 486 1681 vita
507 1624 577 1680 dum
598 1623 711 1693 mansit,
733 1623 821 1691 labor,
864 1695 866 1699 ἲ

109 1705 193 1777 Quos
213 1723 272 1764 una
292 1706 379 1764 clarat
400 1715 493 1762 morte
513 1705 611 1780 palma
632 1703 781 1780 Martyres,

108 1788 206 1845 Ambo
227 1787 329 1846 sacrati
350 1785 493 1862 principes
515 1786 664 1855 exercitus,

109 1867 202 1926 Coelo
222 1878 354 1944 receptos
375 1885 433 1925 una
453 1885 505 1925 vos
526 1865 593 1925 colit
614 1867 683 1925 dies.

109 2029 181 2101 Vos,
204 2030 348 2106 angularis
369 2030 415 2088 cui
436 2029 534 2088 subest
556 2027 685 2087 Christus
706 2028 787 2104 lapis,

111 2110 249 2171 Fundatis
270 2112 402 2171 Aedem:
427 2111 549 2185 mystico
570 2128 621 2169 vos
643 2108 774 2186 Corpori.

115 2192 168 2250 Cui
189 2193 352 2269 praesidere
372 2192 479 2268 gaudet
500 2201 654 2267 augustum
676 2189 780 2266 Caput,

114 2273 234 2349 Fulgere
255 2275 331 2332 clara
350 2274 433 2350 jussit
456 2273 544 2330 ambo
565 2273 681 2330 lumina.

104 2434 147 2492 ·In
168 2447 196 2494 te
216 2444 344 2511 potestas
365 2435 495 2505 clavium,
517 2435 607 2506 Petre,
629 2436 751 2505 eminet3

116 2516 167 2587 Te,
190 2517 286 2582 Paule,
308 2517 416 2574 flumen
437 2517 534 2591 irrigat
555 2517 706 2575 scientiae:

117 2596 243 2673 Uterque
264 2596 373 2667 Pastor,
396 2607 424 2655 et
444 2598 588 2672 magister,
610 2608 638 2656 et
659 2614 772 2674 patene,

115 2677 249 2754 Olimque
270 2679 380 2738 mundo
402 2679 533 2738 destinati
551 2678 670 2756 J'udices.

115 2839 312 2898 Infirmitatem
333 2840 425 2898 camis
446 2841 554 2917 experti
575 2852 680 2911 tamen,

117 2921 217 2981 Nostis
238 2922 377 2980 caducam
398 2921 490 2980 fictilis
511 2932 614 2981 testam
635 2921 702 2991 luti;

116 3002 153 3061 Et
173 3002 320 3060 consecuti
341 3003 470 3077 gratiam,
493 3004 642 3062 clientibus

116 3083 268 3142 Praestatis
289 3083 471 3160 ultraquam
492 3085 539 3160 pie
560 3094 683 3161 poscunt
703 3099 799 3158 opem.
