1950 3600
230 220 316 285 Intra
339 219 471 278 Octavam
493 219 677 298 Epaphamte.
816 240 851 298 51
928 236 931 242 '

86 383 158 441 Nos
179 382 260 441 radix
282 384 363 447 oleae
384 383 512 443 sustinet.
540 384 605 443 Ah!
629 403 706 457 cave,

86 464 152 536 Qui
174 476 240 536 stas,
261 483 299 522 ne
321 466 406 527 sterili
427 465 543 524 deficias
564 467 629 525 fide.

87 546 142 603 Tu
163 564 260 605 ramos
280 557 391 608 veteres
411 548 503 605 insere
525 548 639 606 denuo:

175 627 224 685 Tu
244 647 333 700 serva,
354 628 444 699 Deus,
465 629 573 688 insitos.

87 789 152 860 Qui
172 807 226 848 nos
246 791 378 848 membra
398 791 471 849 sacri
492 793 620 867 corporis
642 792 737 862 efficit,

89 871 136 927 Sit
156 871 216 929 laus
238 890 352 930 summa
372 872 466 930 Patri:
492 872 554 931 laus
576 891 692 949 quoque
712 873 794 944 Filio,

89 951 183 1027 Cujus
204 954 336 1012 membra
357 972 475 1012 sumus:
501 972 559 1029 quo
580 956 661 1031 vigor
681 955 773 1013 influit

173 1032 321 1106 Membris,
342 1035 404 1094 laus
425 1036 484 1106 tibi,
507 1035 635 1111 Spiritus

356 1359 523 1371 ²——

127 1574 257 1632 INTRA
279 1561 485 1633 OCTAVAM
506 1574 767 1638 ΕΡΙΡΗΑΝΙΑΕ.

277 1810 322 1852 ΑΙ)
344 1809 498 1853 OFFICIUM
520 1811 616 1854 NOCT.

91 2002 157 2075 Qua
176 2004 260 2079 lapsu
281 2004 368 2061 tacito
390 2003 470 2061 stella
490 2003 674 2078 loquacibus.

91 2085 227 2143 Scintillat
247 2085 342 2155 radiis,
363 2084 420 2144 huc
441 2086 532 2143 oculis
554 2085 645 2160 Magi,

90 2166 155 2225 Huc
178 2166 334 2237 desideriis,
355 2166 412 2224 huc
433 2167 540 2241 rapidis
562 2167 645 2224 simul

168 2247 288 2322 Certant
308 2248 426 2305 tendere
447 2248 589 2324 passibus.

88 2408 128 2466 Ut
148 2418 266 2466 ventum
289 2409 447 2485 Solymam,
468 2427 529 2467 non
551 2410 613 2468 sine
634 2411 753 2468 numine

87 2489 206 2549 Laetam
228 2490 308 2549 stella
328 2492 431 2560 facem,
452 2490 526 2566 proh
548 2491 646 2548 dolori
671 2493 794 2564 occulit;

89 2570 277 2646 Incertasque
297 2573 367 2642 viae,
390 2590 444 2629 ceu
464 2571 561 2629 medio
582 2589 686 2648 vagam

168 2652 271 2724 Cursu,
293 2653 428 2723 destituit,
448 2662 548 2711 ratem.

88 2813 138 2883 Illi,
159 2814 199 2871 nil
219 2815 329 2873 rabiem
350 2814 497 2890 principis,
518 2814 629 2872 invidas

88 2893 136 2952 Nil
157 2905 231 2954 artes
252 2897 340 2965 veriti,
363 2894 455 2973 (tanta
475 2897 578 2953 animis
600 2894 671 2952 fides
682 2893 702 2972 l)

88 2973 174 3034 Urbis
195 2996 247 3053 per
267 2976 396 3052 trepidae
418 2977 545 3051 compita
565 2975 733 3051 praedicant

168 3057 282 3134 Regem
303 3075 440 3134 quaerere
461 3075 493 3116 se
514 3075 630 3115 novum.

521 3156 541 3196 rr
559 3157 575 3194 2
