1950 3600
273 268 278 282 ·
335 248 488 324 Virginum.

88 400 161 458 Patri
181 399 309 457 maxima
328 397 398 467 laus,
420 396 547 454 maxima
567 396 648 466 Fili0,

88 482 305 554 Ambommque
327 496 408 536 sacro
429 478 520 553 gloria
540 477 670 547 Flamini,

88 561 177 637 Cujus
198 560 341 637 praesidio
362 559 469 635 praelia
490 559 638 629 sustinent,

165 643 267 718 Spreto
288 641 395 711 funere,
418 640 560 716 Virgines.

259 986 321 1043 Pro
342 1005 395 1043 non
415 984 553 1059 Marma

88 1214 149 1272 Vos
172 1213 199 1272 O
221 1214 339 1289 virginei
360 1233 427 1272 cum
448 1214 561 1273 citharis
582 1214 669 1283 chori,

88 1297 163 1372 Agni
185 1295 311 1365 deliciae,
333 1314 398 1370 pars
419 1297 515 1371 gregis
538 1297 653 1372 optima,

88 1376 232 1453 Sponsum
253 1377 380 1451 virgineo
402 1378 584 1452 progenitum
607 1377 670 1434 sinu

167 1457 248 1516 Puris
269 1458 357 1516 tollite
378 1459 517 1516 laudibus.

88 1620 169 1679 Haec
191 1632 234 1678 est
256 1638 337 1678 sacra
357 1621 427 1691 dies,
448 1613 532 1678 obvia
554 1638 611 1695 qua
632 1638 685 1677 suo

87 1700 162 1759 Cum
183 1702 268 1777 plena
288 1702 404 1760 rutilans
426 1701 558 1777 lampade
578 1702 706 1776 jungitur

88 1783 210 1859 Spons0,
226 1793 361 1858 stansque
375 1783 479 1841 throno
494 1784 625 1859 proxima
640 1783 763 1840 concinit

166 1863 257 1939 Virgo
278 1865 388 1923 cantica
408 1864 528 1940 Virgini.

88 2026 157 2084 Solo
178 2026 265 2102 digna
285 2026 352 2084 Deo
372 2028 505 2102 conjuge,
527 2027 634 2101 respuit

87 2107 224 2166 Mortales
244 2108 402 2166 thalamos:
424 2117 456 2166 ut
477 2108 568 2166 semel·
587 2107 695 2182 obligat

88 2189 156 2248 Sese
178 2188 236 2247 fida
257 2207 318 2259 suo,
341 2207 428 2264 quem
449 2190 523 2247 bene
545 2188 662 2264 deperit,

167 2271 250 2328 Ultro
272 2289 302 2329 se
325 2270 405 2329 Deus
425 2270 541 2345 obligat.

88 2433 194 2489 Purum
215 2450 252 2489 ne
273 2433 416 2490 maculent
438 2443 537 2508 pectus
559 2433 706 2506 imagines,

86 2514 120 2570 In
142 2531 173 2571 se
195 2524 255 2571 tota
277 2515 320 2572 sui
342 2514 470 2588 corporis
491 2515 643 2572 immemor

88 2595 173 2652 Mens
195 2613 259 2653 sese
280 2595 379 2670 recipit
390 2612 397 2664 ;
423 2595 462 2652 nil
484 2595 559 2653 oculi
580 2594 683 2661 vident,

169 2676 267 2734 Surdis
288 2677 327 2733 nil
349 2686 431 2734 sonat
452 2677 581 2734 auribus.-

87 2839 185 2911 Aegro
206 2839 253 2894 vix
275 2856 327 2896 sua
348 2848 414 2895 sunt
435 2837 540 2914 pabula
561 2837 682 2912 corpori,

86 2918 175 2975 Ardet
196 2919 282 2976 mille·
294 2919 389 2977 modis
411 2929 476 2977 ante
498 2919 575 2976 diem
595 2917 684 2976 mori:

86 2998 236 3074 Quidquid
250 3018 334 3058 mors·
343 3000 440 3074 rapiet,
451 3001 514 3076 ‘jam
529 3000 582 3058 sibi
596 2998 744 3074 praeripit;

167 3080 251 3137 Unus
273 3081 304 3138 lit
324 3080 406 3139 Deus
427 3081 531 3139 omnia.
