1906 3592
132 286 189 358 356
293 279 331 338 In
351 278 433 337 Festo
454 275 510 336 SS.
526 277 612 336 Petri
628 283 654 335 el
670 276 763 335 Pauli.

292 443 365 500 Pura
387 442 441 499 sibi
462 434 564 515 a‘ptans
585 439 751 510 habitacula,

292 524 504 582 Charismatum
526 531 554 578 et
575 540 695 580 munera

293 605 457 663 Pectoribus
478 604 582 660 nostris
604 604 669 678 pius
690 600 815 666 infundat,

291 687 359 744 Vita
379 697 477 744 nostra
497 685 524 743 ei
544 694 575 741 ut
596 685 771 760 complaceat

293 768 347 825 Per
368 767 547 825 saeculorum
569 767 691 825 saecula.

295 849 518 908 Conclamemus
540 846 659 918 alleluia,

296 931 338 989 Sit
359 930 424 988 Deo
445 930 515 999 lauS,
536 939 673 1004 potestas,

295 1012 407 1082 Honor,
429 1013 522 1080 virtus,
545 1020 572 1067 et
593 1010 692 1085 gloria.

501 1199 512 1202 -
546 1197 628 1204 ——-

234 1353 277 1410 IN
300 1351 430 1409 FESTO
453 1350 503 1408 SS.
525 1346 829 1410 APOSTOLORUM

359 1488 482 1545 PETRI
504 1487 559 1545 ET
581 1487 712 1546 PAULI.

337 1706 382 1748 AD
404 1705 519 1748 PRIMAS
542 1704 703 1749 VESPERAS.

180 1853 257 1908 Felix
280 1871 329 1926 per
351 1869 453 1908 omnes
475 1850 579 1906 festum
600 1850 701 1906 mundi
723 1850 844 1907 cardines

179 1934 383 2008 Apostolorum
406 1931 561 2006 praepollet
583 1931 710 1988 alacriter

179 2015 252 2072 Petri
273 2015 356 2083 beati,
379 2013 458 2069 Pauli
481 2013 670 2082 sacratissimi,

179 2096 262 2166 Quos
284 2095 412 2153 Christus
434 2095 510 2151 almo
532 2095 707 2150 consecravit
729 2092 865 2166 sanguine,

179 2177 371 2234 Ecclesiamm
393 2175 536 2250 deputavit
558 2175 708 2249 principes.

181 2338 222 2395 Hi
243 2348 308 2396 sunt
329 2338 418 2394 olivae
440 2337 514 2395 duae
536 2355 633 2394 coram
655 2335 791 2404 Domin0,

181 2421 217 2476 Et
239 2419 408 2476 candelabra
430 2419 491 2474 luce
513 2418 658 2487 radiantia,

181 2501 328 2557 Praeclara
349 2500 420 2556 coeli
442 2500 499 2555 duo
521 2499 677 2567 luminaria,

181 2583 276 2639 Fortia
298 2583 409 2638 solvunt
430 2590 612 2655 peccatorum
634 2579 753 2648 vincula,

181 2663 280 2720 Portas
303 2662 419 2736 Olympi
440 2672 567 2718 reserunt
588 2661 727 2717 fidelibus.

183 2825 299 2880 Habent
321 2842 457 2898 supernas
478 2832 650 2898 potestatem
672 2822 803 2879 claudere

183 2905 321 2962 Sermone
343 2906 434 2975 sedes,
457 2905 581 2980 pandere
605 2904 784 2978 splendentia

182 2985 295 3042 Limina
316 2987 374 3060 poli
396 3005 480 3061 super
502 2987 557 3042 alta
579 2985 681 3053 sidera,

182 3067 311 3141 Linguae
333 3085 433 3123 eorum
454 3068 547 3124 claves
569 3066 641 3123 coeli
664 3066 756 3122 sactae
778 3074 850 3131 sunt,

181 3148 287 3206 Larvas
309 3148 447 3222 repellunt
468 3148 540 3204 ultra
561 3148 662 3204 mundi
683 3147 811 3204 limitem.
