1906 3592
131 261 187 300 100

367 235 407 299 Iu
426 234 507 295 Festo
520 235 686 294 ’Τνίηίιίιίιὲδ

291 399 345 459 Est
365 409 441 458 totus
462 399 492 456 in
512 397 590 458 Nato
610 397 704 468 Pater,

291 482 327 543 In
348 482 432 538 Patre
452 489 529 538 totus
550 480 637 538 Filius
647 500 656 552 ;

293 553 429 639 Na‘toque
449 562 551 637 plenus
572 579 606 619 ac
627 562 712 620 Patre

296 644 376 703 Inest
397 643 509 718 utrique
531 642 660 718 Spiritus.

296 804 386 878 Quod
405 803 498 863 Natus
519 813 571 875 est,
591 803 648 862 hoc
670 804 812 882 Spiritus;
834 859 836 862 Α
894 816 896 821 “

298 887 367 944 Hoc
387 894 431 944 est
451 894 570 968 uterque
591 887 671 961 quod
693 887 796 946 Pater:

299 967 374 1025 Tres
393 984 452 1024 una
474 985 588 1024 summa
608 966 740 1027 Veritas:

299 1047 374 1106 Tres
394 1066 453 1107 una
473 1065 588 1106 summa
609 1047 730 1109 Caritas.

298 1210 425 1279 Aetema
438 1209 521 1267 'Patri
542 1210 641 1284 gloria,

301 1292 436 1366 Natoque
458 1291 493 1349 sit
514 1309 581 1348 cum
603 1291 717 1366 Spiritu,

303 1372 362 1444 Qui
383 1373 448 1453 uiuit
469 1381 497 1430 et
516 1381 617 1446 regnat
637 1371 721 1433 Deus

302 1453 338 1510 In
358 1453 520 1522 seculorum
541 1453 644 1517 secula.

467 1631 618 1640 ——.

222 1752 266 1809 IN
289 1750 422 1809 FESTO
451 1749 658 1809 CORPORIS
684 1749 868 1810 CHRISTI.

376 1897 423 1940 ro
445 1896 599 1942 orrrcruu
621 1897 716 1941 Nocr.

228 2019 322 2077 Sacris
344 2017 490 2076 solemniis
509 2017 608 2092 juncta
629 2016 684 2074 sint
705 2018 820 2092 gaudia,

228 2101 266 2158 Et
286 2119 322 2157 ex
343 2098 515 2174 praecordiis
536 2106 640 2155 sonent
660 2100 831 2172 praeconia:

230 2181 379 2239 Recedant
399 2189 501 2248 vetera,
522 2196 598 2235 nova
619 2179 674 2235 sint
696 2181 803 2250 omnia,

311 2260 416 2331 Corda,
437 2278 532 2329 voces,
553 2269 581 2318 et
602 2277 698 2334 opera.

233 2423 335 2480 Noctis
356 2422 487 2480 recolitur
508 2439 600 2478 coena
619 2421 785 2492 noviSsima,

235 2503 302 2574 Qua
323 2503 452 2561 Christus
473 2503 596 2561 creditur
616 2520 725 2576 agnum
746 2514 774 2561 et
796 2521 900 2577 azyma

234 2584 357 2642 Dedisse
378 2585 517 2649 fratribus,
537 2584 618 2659 juxta
639 2583 766 2658 legitima

317 2664 419 2723 Priscis
440 2664 549 2723 indulta
568 2665 704 2739 patribus.

238 2827 306 2885 Post
326 2845 435 2902 agnum
455 2826 591 2902 typicum,
613 2825 733 2901 expletis
755 2827 854 2902 epulis,

238 2907 351 2984 Corpus
372 2907 559 2966 Dominicum
582 2907 857 2983 datumdiscipulis,

238 2988 285 3046 Sic
306 2997 398 3047 totum
419 2989 562 3053 omnibus,
584 2989 663 3064 quod
684 2997 778 3046 totum
799 2990 928 3064 siugulis,

317 3069 388 3145 Ejus
403 3070 524 3135 fatemur
544 3069 685 3135 manibus.
