1906 3592
131 243 186 298 160

341 240 379 299 In
408 240 488 317 Vrgil.
513 241 641 302 Omm’tcm
662 242 721 305 SS.

288 407 349 480 Qui
369 426 424 468 nos
446 419 573 480 coronat,
595 410 657 468 laus
679 410 765 481 Patri,

287 489 373 560 Laus,
396 491 445 566 qui
466 490 595 562 redemit,
616 491 707 564 Filio;

290 571 377 629 Alma
395 573 498 647 juvans
519 589 574 630 nos
594 574 694 647 gratia,

293 651 335 709 Sit
356 671 408 727 par
429 653 487 709 tibi‘
500 653 571 723 laus,
595 652 727 729 Spiritus,

427 1011 472 1055 AD
494 1010 629 1056 LAUDES.

285 1204 434 1274 Coelestis,
457 1204 485 1263 Ο
506 1203 675 1281 Jerusalem,

285 1287 424 1345 Mansura
445 1304 559 1361 semper
579 1287 688 1358 civitas,

286 1367 314 1427 Ο
335 1378 378 1425 ter
398 1368 482 1436 beati,
505 1385 579 1442 quos
600 1369 656 1426 tuis

284 1447 369 1507 Cives
390 1448 522 1506 recondis
543 1450 714 1510 moenibus!

284 1611 332 1668 Tu
353 1611 433 1685 pacis
454 1620 585 1667 aeternae
607 1611 721 1681 domus

284 1692 395 1749 Dilecta
418 1691 589 1748 Sanctorum
610 1693 702 1767 quies

284 1774 374 1831 Sedes
395 1772 461 1829 Deo
483 1772 644 1842 fruentium,

284 1855 373 1928 Regis
395 1853 511 1928 superni
532 1854 618 1911 curia.

284 2016 342 2074 Hic
364 2016 393 2072 in
413 2016 518 2073 throno
539 2016 645 2074 sedens
666 2014 748 2075 Deus

283 2097 411 2155 Cunctos
432 2098 499 2155 beat
519 2097 699 2173 praesentia:
789 2158 794 2175 ἢ

283 2177 340 2236 Hic
362 2179 405 2236 sol
426 2179 568 2253 perennis,
591 2178 744 2253 splendido

283 2260 410 2334 Affulget
431 2260 534 2335 Agnus
555 2260 671 2317 lumine.

281 2421 347 2479 Hac
369 2421 446 2492 sede,
469 2440 528 2497 quo
550 2422 632 2480 datur
653 2421 707 2479 frui

282 2501 331 2559 Nil
352 2502 435 2559 dulce
456 2504 549 2561 turbat
570 2505 678 2561 otium:

281 2583 340 2640 Hic
360 2600 435 2641 unus
456 2594 500 2642 est
522 2585 633 2642 Sanctis
655 2583 738 2641 labor

280 2664 336 2721 Dei
357 2682 457 2722 vacare
479 2665 618 2724 laudibus.

281 2826 349 2884 Huc
371 2838 447 2883 certa
468 2845 521 2884 nos
543 2844 610 2900 spes
632 2835 740 2892 evocat,

281 2907 348 2965 Huc
369 2918 435 2964 vota
457 2907 573 2963 tendant
594 2906 707 2962 omnia:

280 2988 342 3046 Nec
363 2997 465 3044 terreat
485 2987 578 3042 brevis
599 2985 699 3042 labor:

280 3069 403 3126 Aeterna
423 3083 497 3142 quos
518 3081 628 3122 merces
650 3074 755 3122 manet.

382 3334 502 3368 Α
