1906 3592
158 228 195 301 98
398 220 437 278 [η
456 216 538 276 Festo
560 216 717 278 Tremuit.

321 383 366 441 Te
387 381 479 441 den'sa
498 381 606 439 eir'cum
626 381 748 450 nubila,
796 388 799 392 ⁴

321 464 366 523 Te
387 464 495 522 circum
516 462 697 520 inaccessum
716 463 811 539 jubar,

321 545 410 617 Quod
429 545 506 602 intus
528 544 629 602 ardent
649 543 757 618 Angeli

322 624 439 686 Circum
459 633 614 684 trementes
636 642 762 684 eernere.

323 788 369 846 Te
390 787 540 847 confitetur
560 787 591 845 in
610 792 669 845 tud

323 870 361 928 Et
381 868 466 946 plebs
485 877 587 944 renata¹
603 868 739 939 nomine;

326 952 478 1026 Firmaque
499 949 637 1025 praehbat
657 949 715 1006 fide

276 1093 279 1098 ,
325 1033 418 1089 Amor
438 1031 517 1107 quod
537 1031 628 1089 ambit
647 1031 821 1106 praemium.

326 1194 373 1252 Da
393 1200 488 1269 posse'
503 1193 583 1269 quod
601 1193 695 1268 jubes,
718 1191 821 1251 Pater:

327 1275 374 1333 Da
396 1276 476 1345 scire,
498 1275 559 1345 Fili,
581 1273 660 1350 quod
682 1274 788 1332 doces:

328 1357 386 1414 Fac
407 1357 494 1414 corde
515 1366 585 1426 toto,
597 1354 741 1429 ¹Spiritus,

328 1437 393 1496 Nos
414 1438 485 1495 velle
507 1437 586 1513 quod
607 1434 714 1512 probas
735 1436 857 1493 bonum.

328 1597 453 1668 Praesta,
475 1598 558 1656 Pater‘
578 1596 717 1672 piissime,
783 1607 787 1613 '

331 1679 464 1755 Patrique
485 1697 604 1754 compar
625 1678 728 1747 Unice,

332 1761 438 1820 Sancto
460 1762 544 1818 simul
564 1777 632 1818 cum
654 1759 769 1835 Spiritu,

332 1841 471 1918 Regnans
492 1861 544 1918 per
565 1859 652 1900 omne
674 1841 813 1900 seculum,

400 2176 447 2224 AD
468 2180 620 2224 OFFICIUM
645 2180 740 2223 NOCT.

214 2381 340 2439 Sublime
363 2381 488 2451 Numen,
509 2390 552 2438 ter
571 2391 684 2456 potens,
705 2390 748 2438 ter
767 2381 940 2452 maximum,

214 2463 492 2538 incomprehensiun
514 2455 765 2539 lucis'immensae
784 2461 878 2535 jubar,

215 2544 342 2619 Simplex
364 2553 392 2601 et
412 2562 494 2613 unuS,
516 2554 545 2600 et
564 2541 653 2601 tribus
674 2553 809 2600 constans
832 2541 925 2614 Deus,

215 2624 260 2681 Te
282 2643 326 2682 res
348 2635 458 2683 creatae
479 2617 562 2682 laude
581 2615 644 2700 jugi
665 2624 826 2680 concinant.

216 2784 265 2843 Tu
286 2784 435 2844 Trinitatis'
453 2785 518 2844 fotis
539 2784 732 2855 inexhaustus,
755 2784 848 2855 Pater,

216 2865 325 2943 Filique
346 2885 468 2924 nascens
489 2866 579 2926 Patris
601 2878 717 2925 aeterno
738 2868 810 2935 sinu,

217 2949 260 3004 Ac
282 2958 378 3005 sancte
393 2966 514 3005 manans
535 2967 551 3005 e
574 2948 686 3006 duobus
703 2948 834 3024 SpirituS,

215 3027 263 3085 Nil
284 3047 335 3085 vos
357 3029 386 3084 in
407 3047 465 3086 una
486 3029 583 3087 dividit
604 3030 768 3088 substantia.
