1950 3600
261 226 299 284 In
320 226 377 284 Die
396 225 569 284 Pentecostes.
780 249 816 301 93

96 390 163 448 Heu
176 408 261 448 mens
275 399 380 458 nostra,
395 388 484 458 Deus
499 399 526 446 te
542 390 603 446 sine
618 390 686 466 quid
701 393 816 465 potest?

95 471 202 529 Lucem
223 489 325 546 prome
347 471 465 541 animis;
496 471 590 528 cordis
611 471 751 529 aheneam

96 551 176 610 Molli
196 553 344 622 duritiem;
373 551 470 619 redde,
491 561 583 626 potes,
604 552 694 622 Deus

174 634 249 692 Voci
270 652 325 691 nos
346 633 454 691 dociles
475 643 548 692 tuae.

94 795 134 853 Sit
153 796 215 853 laus
237 813 350 853 summa
371 793 454 864 Patri,
477 812 647 871 summaque
670 795 758 864 Fili0;

95 876 134 934 Sit
153 896 212 952 par,
234 877 317 946 alme,
339 877 391 934 tibi
411 876 473 933 laus
494 894 620 952 quoque,
643 875 771 951 Spiritus,

94 957 145 1015 Per
165 976 252 1034 quem
273 958 344 1032 legis
366 974 447 1015 amor
468 959 602 1015 cordibus
624 958 724 1015 insitus

171 1039 229 1097 Dat
250 1039 329 1115 quod
350 1038 396 1096 lex
413 1039 503 1114 jubet,
525 1040 637 1115 exequi.

308 1380 354 1423 AD
377 1380 513 1423 LAUDES.

130 1583 287 1640 Audimus:
317 1582 394 1640 almo
418 1582 538 1656 Spiritus

131 1663 286 1722 Descendit
308 1682 324 1720 e
346 1665 410 1721 sinu
431 1662 529 1732 Patris,

128 1746 287 1821 Aegrisque
309 1745 361 1802 fert
382 1745 549 1802 mortalibus

128 1825 272 1884 Promissa
293 1827 366 1884 coeli
387 1844 514 1883 munera.

127 1987 206 2059 Quot
226 1989 355 2062 proditur
374 1988 518 2047 miraculis

127 2068 285 2127 Praesentis
306 2070 445 2127 adventus
465 2069 537 2127 Dei!

125 2150 191 2226 Jam
211 2161 272 2208 tota
293 2151 406 2208 sublimi
428 2152 532 2209 domus

126 2232 257 2307 Repente
277 2232 347 2289 flatu
366 2242 509 2308 personat.

125 2395 200 2451 Puro
220 2394 346 2452 caducus
367 2394 489 2463 aethere,

125 2475 282 2534 Candentis
303 2476 340 2532 ad
361 2475 474 2550 linguae
494 2476 624 2545 modum,

124 2556 158 2613 In
179 2557 380 2614 considentrun
400 2558 534 2614 verticem

123 2639 234 2714 ignitus
255 2639 346 2694 imber
367 2638 482 2712 depluit.

121 2799 205 2870 Quae
226 2800 344 2857 flamma
365 2816 492 2856 summas
513 2800 590 2857 alluit

124 2880 247 2938 lnnoxio
268 2891 345 2938 tactu
365 2897 473 2949 comas,

124 2961 206 3019 Haec
226 2962 319 3036 gliscit
340 2961 450 3018 arcanis
472 2961 555 3018 simul

123 3042 158 3099 ln
179 3054 279 3118 pectus
301 3053 328 3099 et
349 3052 477 3099 mentem
498 3042 556 3099 viis.
