1906 3592
257 300 297 360 In
316 302 398 361 Festo
419 303 450 363 S.
466 305 647 367 Sacrammtr'.

174 463 266 535 Quod
287 465 317 522 in
338 484 431 526 coena
452 466 582 527 Christus
603 473 700 545 gessit,

175 544 354 605 Faciendum
375 547 432 606 hoc
453 551 593 624 expressit

215 627 250 683 In
272 628 316 686 sui
337 631 516 691 memoriam.

172 707 259 765 Docti
282 711 369 769 sacris
391 711 532 776 institutis,

171 787 290 860 Panem,
312 792 419 863 vinum,
442 793 471 848 in
493 794 590 852 salutis

211 869 425 931 Consecramus
447 874 579 933 hostiam.

167 1031 287 1107 Dogma
308 1034 391 1092 datur
412 1034 589 1111 Christianis,

167 1112 256 1184 Quod
278 1116 308 1171 in
329 1134 446 1174 carnem
467 1119 567 1175 transit
586 1120 677 1194 panis,

207 1195 245 1252 Et
266 1197 364 1253 vinum
386 1198 416 1254 in
437 1199 616 1274 sanguinem.

166 1274 255 1346 Quod
277 1295 337 1335 non
359 1279 447 1353 capis
469 1280 549 1354 quod
569 1298 630 1338 non
651 1282 738 1350 vides,

164 1357 307 1417 Animosa
328 1359 421 1417 firmat
443 1360 523 1430 fides,

205 1439 322 1497 Praeter
342 1459 437 1498 rerum
458 1442 597 1499 ordinem.

165 1601 225 1658 Sub
248 1602 366 1661 diversis
388 1604 547 1677 speciebus,

164 1682 260 1757 Signis
282 1694 402 1754 tantum,
423 1695 451 1742 et
472 1702 532 1742 non
553 1687 647 1756 rebus,

201 1763 306 1822 Latent
327 1783 373 1822 res
394 1767 532 1823 eximiae:

161 1843 238 1903 Caro
260 1847 349 1911 cibus,
372 1848 490 1922 sanguis
511 1858 612 1922 potus;

160 1924 262 1984 Manet
283 1937 381 1984 tamen
402 1926 533 1986 Christus
554 1939 630 1986 totus

201 2007 262 2064 Sub
284 2018 403 2083 utraque
425 2009 529 2083 specie.

157 2169 183 2224 Α
206 2181 339 2227 sumente
360 2188 421 2227 non
442 2171 583 2240 concisus,

155 2249 226 2307 Non
248 2251 419 2322 confractus,
440 2269 500 2309 non
522 2251 635 2322 divisus,

195 2333 312 2408 Integer
333 2333 478 2407 accipitur.

155 2413 249 2471 Sumit
271 2432 353 2481 unus,
376 2423 492 2471 sumunt
513 2413 607 2482 mille3

154 2494 305 2565 Quantum
327 2495 373 2553 isti
393 2504 504 2551 tantum
525 2494 579 2563 ille,

193 2576 258 2634 Nec
281 2585 413 2651 sumptus
434 2576 618 2634 consumitur.

152 2737 276 2796 Sumunt
297 2737 367 2795 boni
389 2746 506 2795 sumunt
527 2738 603 2806 mali,

151 2818 234 2878 Sorte
255 2830 354 2877 tamen
375 2816 516 2891 inaequali

191 2901 276 2959 Vitae
298 2899 343 2957 vel
365 2899 501 2956 interitus.

149 2982 231 3042 Mors
253 2993 296 3040 est
317 2980 409 3050 malis,
430 2980 487 3036 vita
507 2979 608 3047 bonis;

149 3065 225 3122 Vide
247 3064 324 3139 paris
346 3061 517 3136 sumptionis

187 3145 286 3216 Quam
308 3145 344 3202 sit
365 3141 462 3216 dispar
483 3141 583 3199 exitus.

340 3221 391 3280 nb
407 3239 424 3280 a

799 327 854 384 37Ι
