1906 3592
131 263 188 315 ²90
299 241 337 300 In
358 241 533 301 Deat'catztne
554 239 587 300 S.
600 239 764 302 amthoar.

426 621 471 663 AD
493 621 628 664 LAUDES.
651 651 655 661 ,

212 818 333 887 Christe,
356 825 521 875 sanctorum
543 816 632 875 decus
655 818 832 893 angelorum,

212 900 314 958 Gentis
336 898 479 956 humanae
502 897 586 955 Sator
607 908 636 955 et
657 898 845 976 Redemptor,

212 981 356 1039 Coclitum
377 979 461 1037 nobis
483 979 591 1036 tribuas
612 981 714 1039 beatas

292 1061 436 1118 Scandere
457 1060 549 1119 sedes.

211 1225 341 1299 Angelus
362 1223 441 1298 pacis
463 1221 587 1280 Michael
609 1223 639 1279 in
660 1224 749 1282 aedes

211 1305 338 1363 Coelitus
359 1313 471 1362 nostras
492 1304 604 1361 veniat:
634 1322 754 1363 serenae

209 1387 319 1444 Auctor
340 1396 371 1443 ut
391 1385 471 1463 pacis
492 1385 655 1459 lacrymosa
675 1387 707 1443 in
728 1405 829 1445 orcum

291 1467 371 1525 Bella
390 1467 505 1541 releget.

205 1629 442 1705 Angelussortis
463 1628 589 1698 Gabriel,
612 1637 643 1687 ut
664 1629 763 1697 hostes
796 1639 808 1700 ;;’

212 1712 302 1769 Pellat
323 1712 464 1786 antiquos,
487 1719 515 1767 et
535 1710 629 1768 amica
650 1710 743 1781 coelo,

153 1832 156 1837 -
212 1793 295 1864 Quae
316 1792 505 1867 triumphator
526 1792 623 1849 statuit
641 1810 696 1869 per
717 1794 827 1864 orbem,

292 1873 417 1948 Templa
437 1872 547 1930 revisat.

212 2037 339 2112 Angelus
361 2046 476 2094 nostrae
497 2036 626 2092 medicus
649 2037 748 2093 salutis

209 2119 295 2176 Adsit
318 2137 334 2174 e
356 2118 438 2176 coelo
460 2116 599 2191 Raphael
622 2127 652 2174 ut
673 2127 776 2176 omnes

212 2199 299 2256 Sanet
320 2209 462 2274 aegrotos,
484 2198 645 2274 dubiosque
665 2200 747 2257 vitae-

290 2281 402 2355 Dirigat
423 2289 511 2337 actus.

209 2444 299 2518 Virgo
322 2443 379 2499 dux
401 2443 489 2518 pacis
511 2441 692 2516 genitrixque
713 2443 792 2510 lucis,

209 2525 246 2582 Et
268 2543 348 2582 sacer
368 2524 453 2580 nobis
475 2523 578 2581 chorus
600 2523 770 2597 angelorum

211 2607 331 2682 Semper
352 2605 473 2673 assistat,
494 2605 579 2662 simul
600 2614 628 2660 et
648 2605 781 2662 micantis

290 2687 383 2760 Regia
404 2685 485 2743 coeli.

208 2850 335 2906 Praestet
357 2848 412 2906 hoc
433 2848 517 2906 nobis
538 2846 638 2904 Deitas
659 2848 744 2904 beata

210 2931 309 3000 Patris,
331 2949 365 2988 ac
386 2929 462 2993 Nati,
485 2929 645 3004 pariterque
667 2928 760 2986 sancti

210 3011 338 3086 Spiritus,
361 3011 441 3082 cujus
462 3018 577 3067 resonat
597 3027 649 3084 per
670 3026 788 3067 omnem

290 3091 388 3151 Gloria
408 3090 558 3147 mundum.
