1950 3600
210 245 248 305 In
268 245 424 308 Nativitate
444 245 476 307 S.
484 246 615 324 soanm's.
762 255 816 327 283

272 492 318 536 AD
340 491 557 537 MATUTINUM.

91 615 187 672 Antn
203 613 311 673 deserti
332 613 436 671 teneris
458 613 512 671 suh
533 616 625 687 annis,

91 695 207 754 Civium
223 700 335 754 tunnas
356 693 478 770 fugiens,
500 696 603 773 petisti,

92 776 141 834 Ne
162 777 216 834 levi
236 788 339 853 posu
358 775 505 834 maculare
523 778 611 836 vitam

173 856 300 916 Crimine
320 853 443 933 lug-e
570 900 572 904 ι

90 1019 226 1078 Praebuit
246 1019 350 1078 durum
370 1029 507 1096 tegumen
526 1021 655 1079 melus

89 1102 219 1160 Artubus
240 1102 336 1171 sacris,
358 1102 518 1179 strophium
538 1101 688 1173 bidentem

88 1181 144 1240 Cui
165 1183 240 1241 latex
261 1182 404 1254 haustum,
426 1185 534 1243 sociata
554 1194 669 1261 pastum

171 1263 260 1322 Mella
280 1264 405 1324 locustis.
697 1286 703 1293 ·

90 1425 186 1484 Ceteri
207 1436 317 1483 tantum
338 1427 467 1485 cecinere
487 1427 596 1485 Vatum

89 1507 186 1565 Corde
206 1525 347 1585 praesago
366 1508 449 1585 jubar
470 1508 640 1579 affuturum3

87 1587 136 1644 Tu
157 1587 273 1663 quidem
294 1589 395 1647 mundi
417 1589 509 1649 scelus
531 1589 706 1648 auferentem

168 1668 268 1727 Indice
289 1669 397 1746 prodis.

87 1830 157 1888 Non
179 1830 230 1889 fuit
250 1832 321 1890 vasti
342 1832 467 1907 spatium
487 1850 539 1908 per
559 1834 636 1891 orbis

87 1911 217 1971 Sanctior
238 1914 391 1988 quisquam
411 1913 525 1987 genitus
545 1913 668 1990 Joanne,

85 1993 144 2065 Qui
165 1993 247 2053 nefas
268 1994 354 2052 saecli
375 1995 479 2052 meruit
498 1995 640 2054 lavantem

167 2075 294 2151 Tingere
314 2074 447 2152 lymphis.

86 2236 128 2294 Sit
149 2237 237 2295 decus
259 2237 343 2309 Patri,
364 2238 538 2313 genitaeque
558 2236 644 2308 Proli,

83 2317 121 2375 Et
141 2319 191 2376 tibi
213 2336 332 2396 compar
352 2319 498 2394 utriusque
519 2319 605 2377 virtus

84 2399 204 2476 Spiritus
226 2418 347 2479 semper,
369 2400 450 2459 Deus
471 2419 546 2458 unus
567 2401 648 2458 omni

165 2481 320 2558 Temporis
341 2501 420 2542 aevo.

300 2729 345 2771 AD
368 2726 502 2771 LAUDES.

80 2853 108 2912 Ο
130 2852 216 2910 nimis
237 2851 313 2921 felix,
334 2850 485 2925 meritique
506 2849 583 2920 celsi,

82 2934 224 2992 Nesciens
244 2932 339 2990 labem
360 2931 434 2988 nivei
455 2930 582 3008 pudoris,

81 3016 258 3090 Praepotens
278 3021 392 3088 martyr,
414 3030 624 3090 nemorumque
644 3011 744 3085 cultor,
803 3022 809 3035 '

162 3095 291 3155 Maxime
311 3104 417 3155 vatum.
