1906 3592
212 265 250 327 In
270 269 367 328 Misso
388 271 597 349 Dgsunctorum.

171 433 252 509 Juste
272 434 361 508 judex
382 434 505 502 ultionis,

172 513 290 572 Donum
311 515 355 600 fac
377 515 551 572 remissionis

173 597 249 653 Ante
271 598 347 654 diem
368 597 493 654 rationis.

174 759 337 832 ingemisco
358 770 495 833 tanquam
516 776 589 826 reus,

175 839 267 914 Culpa
287 841 370 897 rubet
391 841 482 898 vultus
504 857 586 897 meus
596 859 603 909 ;
684 838 686 842 ’

176 920 351 996 Supplicanti
372 940 466 996 parce,
488 921 576 978 Deus.

175 1083 367 1141 Peccatricem
389 1083 541 1152 absolvisti,

174 1164 212 1222 Et
232 1165 372 1222 latronem
392 1164 548 1235 exaudisti;

176 1245 248 1302 Mihi
270 1264 386 1321 quoque
408 1264 490 1320 spem
513 1246 623 1303 dedisti.

176 1408 278 1466 Preces
299 1427 381 1465 meae
403 1427 463 1465 non
484 1417 549 1464 sunt
571 1409 682 1483 dignae,

179 1489 236 1547 Sed
256 1501 288 1546 tu
307 1491 402 1548 bonus
423 1489 467 1547 fac
488 1490 613 1563 benigne
713 1560 717 1565 .

177 1570 223 1628 Ne
245 1572 363 1646 perenni
385 1589 495 1628 cremer
515 1571 611 1645 ignea

176 1732 253 1789 Inter
274 1752 342 1791 oves
363 1733 459 1791 locum
480 1743 611 1808 praesta;

177 1813 214 1870 Et
236 1815 272 1870 ab
293 1815 392 1872 haedis
413 1833 461 1872 me
483 1825 637 1888 sequestra,

179 1895 310 1954 Statuens
331 1897 361 1952 in
381 1905 461 1971 parte
483 1896 589 1952 dextra.

181 2057 342 2116 Confutatis
362 2058 528 2127 maledictis,

180 2139 317 2197 Flammis
338 2140 450 2196 acribus
471 2139 599 2208 addictis,

178 2219 262 2278 Voca
281 2240 328 2278 me
350 2239 417 2279 curn
435 2221 601 2278 benedictis.

182 2370 243 2428 Oro
265 2370 385 2445 supplex
407 2379 435 2426 et
456 2369 580 2439 acclinis,

182 2451 240 2510 Cor
261 2451 411 2509 contritam
433 2451 515 2525 quasi
536 2451 616 2519 cinis

181 2532 257 2591 Gere
278 2551 376 2590 curam
397 2533 454 2589 mei
475 2532 548 2588 finis

182 2683 357 2757 Lacrymosa
378 2681 438 2738 dies
460 2681 513 2749 illa,

183 2763 251 2834 Qua
271 2772 400 2837 resurget
421 2781 457 2819 ex
478 2761 570 2818 favilla

182 2844 359 2920 Judicandus
380 2843 469 2899 homo
490 2861 563 2912 reuS,

184 2925 261 2983 Huic
283 2943 352 3000 ergo
373 2942 466 2999 parce,
488 2923 576 2981 Deus.

224 3066 274 3124 Pie
294 3065 364 3141 jesu
385 3063 519 3131 Domine,

224 3147 311 3204 Dona
331 3147 372 3204 eis
393 3144 531 3220 requiem.

754 276 808 345 381
