1906 3592
127 260 184 315 286
381 252 420 312 In
440 252 522 314 Festo
542 254 574 314 S.
585 255 678 315 Petri.

285 418 314 478 Ο
335 437 409 488 vera,
432 417 553 490 Christe,
576 418 710 491 charitas,

286 499 335 558 Tu
355 509 453 559 nostra
473 518 566 578 purga
587 502 717 572 crimina,

287 580 336 639 Tu
357 582 444 640 corda
465 581 543 660 reple
565 583 667 658 gratia,

285 662 333 720 Tu
354 663 442 721 redde
463 663 535 722 coeii
555 666 695 739 praemia,

284 825 367 896 Patri,
389 825 531 900 simulque
552 826 634 891 Filio,

281 905 407 982 Tibique
428 915 527 965 sancte
549 906 680 982 Spiritus,

283 987 362 1045 Sicut
383 988 444 1059 fuit,
466 988 502 1046 sit
519 989 626 1064 jugiter

282 1068 416 1127 Saeclum
436 1088 489 1145 per
509 1087 597 1128 omne
617 1068 719 1146 gloria.

376 1247 421 1288 AD
442 1246 662 1290 MATUTINUM.

280 1372 374 1431 Maria
395 1374 481 1432 castis
502 1373 609 1432 osculis

280 1453 395 1512 Lambit
415 1453 473 1512 Dei
494 1455 630 1530 vestigia:

279 1535 362 1593 Fletu
382 1537 463 1611 rigat,
484 1537 568 1610 tergit
590 1537 693 1607 comiS,

279 1615 403 1675 Detersa
422 1617 514 1674 nardo
534 1617 655 1692 perlinit.

279 1777 346 1835 Deo
368 1778 445 1836 Patri
467 1779 502 1837 sit
522 1778 621 1854 gloria,

278 1859 409 1935 Ejusque
431 1861 485 1919 soli
506 1860 589 1930 Filio,

278 1939 355 1997 Cum
378 1941 483 2016 Spiritu
504 1941 645 1999 Paraciito

277 2020 373 2091 Nunc,
396 2032 424 2079 et
444 2041 496 2098 per
517 2040 604 2080 omne
627 2022 784 2080 saeculum.

412 2207 613 2216 —————

412 2347 457 2405 IN
479 2346 612 2405 FESTO

273 2468 300 2525 S.
324 2467 447 2525 PETRI
470 2467 528 2525 AD
549 2465 746 2525 VINCULA.
779 2544 781 2550 Ι

393 2661 439 2703 AD
462 2659 624 2704 VESPERAS.

189 2780 271 2838 Miris
292 2781 387 2839 modis
408 2790 527 2857 repente
548 2781 626 2848 liber,
649 2781 742 2839 ferrea

187 2862 301 2920 Christo
319 2862 438 2936 jubente
459 2862 552 2920 vincla
572 2862 674 2920 Petrus
696 2863 791 2921 exuit:

187 2942 276 3001 Ovilis
299 2941 344 2999 ille
365 2952 471 3019 pastor,
494 2953 522 2999 et
542 2952 636 3001 rector
656 2945 762 3019 gregiS,

185 3024 268 3081 Vitae
290 3022 408 3080 recludit
428 3040 544 3098 pascua,
566 3033 594 3082 et
615 3024 710 3083 fontes
733 3042 839 3090 sacros,

185 3104 319 3178 Ovesque
341 3112 432 3159 servat
452 3103 582 3173 creditas,
605 3116 682 3163 arcet
703 3105 796 3180 lupos.
