<?xml version="1.0" encoding="UTF-8"?>
<!DOCTYPE html PUBLIC "-//W3C//DTD XHTML 1.0 Transitional//EN"
    "http://www.w3.org/TR/xhtml1/DTD/xhtml1-transitional.dtd">
<html xmlns="http://www.w3.org/1999/xhtml" xml:lang="en" lang="en">
 <head>
  <title>
</title>
<meta http-equiv="Content-Type" content="text/html;charset=utf-8" />
  <meta name='ocr-system' content='tesseract 3.04.00' />
  <meta name='ocr-capabilities' content='ocr_page ocr_carea ocr_par ocr_line ocrx_word'/>
</head>
<body>
  <div class='ocr_page' id='page_1' title='image "./hymniecclesiae00churgoog_0222.png"; bbox 0 0 1950 3600; ppageno 0'>
   <div class='ocr_carea' id='block_1_1' title="bbox 337 251 489 327">
    <p class='ocr_par' dir='ltr' id='par_1_1' title="bbox 337 251 489 327">
     <span class='ocr_line' id='line_1_1' title="bbox 337 251 489 327; baseline -0.007 -18"><span class='ocrx_word' id='word_1_1' title='bbox 337 251 489 327; x_wconf 81' lang='lat' dir='ltr'>Vz&#39;rginum.</span> 
     </span>
    </p>
   </div>
   <div class='ocr_carea' id='block_1_2' title="bbox 90 414 668 734">
    <p class='ocr_par' dir='ltr' id='par_1_2' title="bbox 90 414 632 491">
     <span class='ocr_line' id='line_1_2' title="bbox 90 414 632 491; baseline -0.009 -16"><span class='ocrx_word' id='word_1_2' title='bbox 90 418 166 475; x_wconf 89' lang='lat' dir='ltr'>Liliis</span> <span class='ocrx_word' id='word_1_3' title='bbox 189 415 319 491; x_wconf 86' lang='lat' dir='ltr'>Sponsus</span> <span class='ocrx_word' id='word_1_4' title='bbox 339 415 463 483; x_wconf 86' lang='lat' dir='ltr'><strong>recubat,</strong></span> <span class='ocrx_word' id='word_1_5' title='bbox 484 414 632 488; x_wconf 89' lang='lat' dir='ltr'>rosisque:</span> 
     </span>
    </p>

    <p class='ocr_par' dir='ltr' id='par_1_3' title="bbox 90 495 668 572">
     <span class='ocr_line' id='line_1_3' title="bbox 90 495 668 572; baseline -0.009 -15"><span class='ocrx_word' id='word_1_6' title='bbox 90 499 143 569; x_wconf 92' lang='lat' dir='ltr'>Tu,</span> <span class='ocrx_word' id='word_1_7' title='bbox 166 510 216 556; x_wconf 88' lang='lat' dir='ltr'>tuo</span> <span class='ocrx_word' id='word_1_8' title='bbox 237 514 350 572; x_wconf 88' lang='lat' dir='ltr'>semper</span> <span class='ocrx_word' id='word_1_9' title='bbox 369 496 444 554; x_wconf 90' lang='lat' dir='ltr'>bene</span> <span class='ocrx_word' id='word_1_10' title='bbox 465 495 523 553; x_wconf 89' lang='lat' dir='ltr'>fida</span> <span class='ocrx_word' id='word_1_11' title='bbox 545 495 668 571; x_wconf 75' lang='lat' dir='ltr'>sponso,</span> 
     </span>
    </p>

    <p class='ocr_par' dir='ltr' id='par_1_4' title="bbox 90 577 637 734">
     <span class='ocr_line' id='line_1_4' title="bbox 90 577 637 653; baseline -0.005 -16"><span class='ocrx_word' id='word_1_12' title='bbox 90 581 123 637; x_wconf 91' lang='lat' dir='ltr'>Et</span> <span class='ocrx_word' id='word_1_13' title='bbox 144 597 224 637; x_wconf 89' lang='lat' dir='ltr'>rosas</span> <span class='ocrx_word' id='word_1_14' title='bbox 245 588 358 653; x_wconf 86' lang='lat' dir='ltr'>martyr,</span> <span class='ocrx_word' id='word_1_15' title='bbox 381 577 464 635; x_wconf 91' lang='lat' dir='ltr'>simul</span> <span class='ocrx_word' id='word_1_16' title='bbox 485 586 513 635; x_wconf 89' lang='lat' dir='ltr'>et</span> <span class='ocrx_word' id='word_1_17' title='bbox 534 577 637 635; x_wconf 89' lang='lat' dir='ltr'>dedisti</span> 
     </span>
     <span class='ocr_line' id='line_1_5' title="bbox 168 660 347 734; baseline -0.006 -17"><span class='ocrx_word' id='word_1_18' title='bbox 168 660 240 718; x_wconf 90' lang='lat' dir='ltr'>Lilia</span> <span class='ocrx_word' id='word_1_19' title='bbox 260 661 347 734; x_wconf 89' lang='lat' dir='ltr'>virgo.</span> 
     </span>
    </p>
   </div>
   <div class='ocr_carea' id='block_1_3' title="bbox 88 818 709 1140">
    <p class='ocr_par' dir='ltr' id='par_1_5' title="bbox 90 818 709 895">
     <span class='ocr_line' id='line_1_6' title="bbox 90 818 709 895; baseline -0.006 -15"><span class='ocrx_word' id='word_1_20' title='bbox 90 823 209 880; x_wconf 90' lang='lat' dir='ltr'>Summa</span> <span class='ocrx_word' id='word_1_21' title='bbox 229 822 290 880; x_wconf 90' lang='lat' dir='ltr'>laus</span> <span class='ocrx_word' id='word_1_22' title='bbox 312 821 395 891; x_wconf 87' lang='lat' dir='ltr'>Patri,</span> <span class='ocrx_word' id='word_1_23' title='bbox 416 821 572 895; x_wconf 83' lang='lat' dir='ltr'>genitoque</span> <span class='ocrx_word' id='word_1_24' title='bbox 594 818 709 889; x_wconf 92' lang='lat' dir='ltr'>Verbo;</span> 
     </span>
    </p>

    <p class='ocr_par' dir='ltr' id='par_1_6' title="bbox 88 899 648 978">
     <span class='ocr_line' id='line_1_7' title="bbox 88 899 648 978; baseline -0.004 -19"><span class='ocrx_word' id='word_1_25' title='bbox 88 903 122 960; x_wconf 86' lang='lat' dir='ltr'>Et</span> <span class='ocrx_word' id='word_1_26' title='bbox 144 904 195 960; x_wconf 91' lang='lat' dir='ltr'>tibi</span> <span class='ocrx_word' id='word_1_27' title='bbox 215 919 341 978; x_wconf 89' lang='lat' dir='ltr'>compar,</span> <span class='ocrx_word' id='word_1_28' title='bbox 362 903 507 977; x_wconf 90' lang='lat' dir='ltr'>utriusque</span> <span class='ocrx_word' id='word_1_29' title='bbox 529 899 648 958; x_wconf 88' lang='lat' dir='ltr'>Nexus:</span> 
     </span>
    </p>

    <p class='ocr_par' dir='ltr' id='par_1_7' title="bbox 90 983 607 1140">
     <span class='ocr_line' id='line_1_8' title="bbox 90 983 607 1059; baseline -0.002 -19"><span class='ocrx_word' id='word_1_30' title='bbox 90 985 145 1043; x_wconf 88' lang='lat' dir='ltr'>Fac</span> <span class='ocrx_word' id='word_1_31' title='bbox 167 985 217 1042; x_wconf 91' lang='lat' dir='ltr'>tibi</span> <span class='ocrx_word' id='word_1_32' title='bbox 238 1002 352 1059; x_wconf 87' lang='lat' dir='ltr'>semper</span> <span class='ocrx_word' id='word_1_33' title='bbox 372 983 537 1059; x_wconf 90' lang='lat' dir='ltr'>placeamus</span> <span class='ocrx_word' id='word_1_34' title='bbox 558 983 607 1039; x_wconf 89' lang='lat' dir='ltr'>uni</span> 
     </span>
     <span class='ocr_line' id='line_1_9' title="bbox 170 1065 429 1140; baseline 0 -18"><span class='ocrx_word' id='word_1_35' title='bbox 170 1066 300 1123; x_wconf 90' lang='lat' dir='ltr'>Moribus</span> <span class='ocrx_word' id='word_1_36' title='bbox 321 1065 429 1140; x_wconf 87' lang='lat' dir='ltr'>aequis.</span> 
     </span>
    </p>
   </div>
   <div class='ocr_carea' id='block_1_4' title="bbox 258 1413 551 1482">
    <p class='ocr_par' dir='ltr' id='par_1_8' title="bbox 258 1413 551 1482">
     <span class='ocr_line' id='line_1_10' title="bbox 258 1413 551 1482; baseline 0 -10"><span class='ocrx_word' id='word_1_37' title='bbox 258 1415 319 1472; x_wconf 88' lang='lat' dir='ltr'>Pro</span> <span class='ocrx_word' id='word_1_38' title='bbox 339 1434 392 1472; x_wconf 79' lang='lat' dir='ltr'>non</span> <span class='ocrx_word' id='word_1_39' title='bbox 412 1413 551 1482; x_wconf 64' lang='lat' dir='ltr'>Martyre.</span> 
     </span>
    </p>
   </div>
   <div class='ocr_carea' id='block_1_5' title="bbox 169 1618 626 1857">
    <p class='ocr_par' dir='ltr' id='par_1_9' title="bbox 169 1618 626 1857">
     <span class='ocr_line' id='line_1_11' title="bbox 170 1618 626 1693; baseline -0.002 -17"><span class='ocrx_word' id='word_1_40' title='bbox 170 1620 237 1677; x_wconf 91' lang='lat' dir='ltr'>Non</span> <span class='ocrx_word' id='word_1_41' title='bbox 257 1637 330 1676; x_wconf 84' lang='lat' dir='ltr'>vana</span> <span class='ocrx_word' id='word_1_42' title='bbox 351 1618 485 1676; x_wconf 89' lang='lat' dir='ltr'>dilectum</span> <span class='ocrx_word' id='word_1_43' title='bbox 506 1637 626 1693; x_wconf 85' lang='lat' dir='ltr'>gregem</span> 
     </span>
     <span class='ocr_line' id='line_1_12' title="bbox 170 1700 528 1775; baseline -0.006 -17"><span class='ocrx_word' id='word_1_44' title='bbox 170 1702 273 1759; x_wconf 89' lang='lat' dir='ltr'>Pavere</span> <span class='ocrx_word' id='word_1_45' title='bbox 294 1700 394 1758; x_wconf 90' lang='lat' dir='ltr'>mundi</span> <span class='ocrx_word' id='word_1_46' title='bbox 414 1700 528 1775; x_wconf 84' lang='lat' dir='ltr'>gaudia,</span> 
     </span>
     <span class='ocr_line' id='line_1_13' title="bbox 169 1781 564 1857; baseline -0.008 -17"><span class='ocrx_word' id='word_1_47' title='bbox 169 1783 230 1840; x_wconf 91' lang='lat' dir='ltr'>Nec</span> <span class='ocrx_word' id='word_1_48' title='bbox 251 1800 322 1857; x_wconf 91' lang='lat' dir='ltr'>pura</span> <span class='ocrx_word' id='word_1_49' title='bbox 342 1781 427 1839; x_wconf 85' lang='lat' dir='ltr'>fallax</span> <span class='ocrx_word' id='word_1_50' title='bbox 448 1791 564 1856; x_wconf 88' lang='lat' dir='ltr'>pectora</span> 
     </span>
    </p>
   </div>
   <div class='ocr_carea' id='block_1_6' title="bbox 168 1863 471 1939">
    <p class='ocr_par' dir='ltr' id='par_1_10' title="bbox 168 1863 471 1939">
     <span class='ocr_line' id='line_1_14' title="bbox 168 1863 471 1939; baseline 0 -19"><span class='ocrx_word' id='word_1_51' title='bbox 168 1865 269 1939; x_wconf 81' lang='lat' dir='ltr'>Imago</span> <span class='ocrx_word' id='word_1_52' title='bbox 289 1863 355 1922; x_wconf 90' lang='lat' dir='ltr'>lusit</span> <span class='ocrx_word' id='word_1_53' title='bbox 376 1863 471 1923; x_wconf 90' lang='lat' dir='ltr'>seculi.</span> 
     </span>
    </p>
   </div>
   <div class='ocr_carea' id='block_1_7' title="bbox 166 2025 730 2346">
    <p class='ocr_par' dir='ltr' id='par_1_11' title="bbox 166 2025 730 2346">
     <span class='ocr_line' id='line_1_15' title="bbox 168 2025 730 2101; baseline -0.004 -18"><span class='ocrx_word' id='word_1_54' title='bbox 168 2025 224 2083; x_wconf 89' lang='lat' dir='ltr'>Sed</span> <span class='ocrx_word' id='word_1_55' title='bbox 245 2025 316 2083; x_wconf 85' lang='lat' dir='ltr'>haec</span> <span class='ocrx_word' id='word_1_56' title='bbox 337 2035 449 2084; x_wconf 87' lang='lat' dir='ltr'>tuarum</span> <span class='ocrx_word' id='word_1_57' title='bbox 470 2026 585 2101; x_wconf 94' lang='lat' dir='ltr'>propria</span> <span class='ocrx_word' id='word_1_58' title='bbox 727 2083 730 2090; x_wconf 13' lang='lat' dir='ltr'>x</span> 
     </span>
     <span class='ocr_line' id='line_1_16' title="bbox 170 2106 692 2182; baseline -0.002 -17"><span class='ocrx_word' id='word_1_59' title='bbox 170 2106 249 2177; x_wconf 86' lang='lat' dir='ltr'>Sunt,</span> <span class='ocrx_word' id='word_1_60' title='bbox 271 2106 393 2176; x_wconf 87' lang='lat' dir='ltr'>Christe,</span> <span class='ocrx_word' id='word_1_61' title='bbox 415 2125 585 2182; x_wconf 89' lang='lat' dir='ltr'>sponsarum</span> <span class='ocrx_word' id='word_1_62' title='bbox 606 2109 692 2177; x_wconf 87' lang='lat' dir='ltr'>bona,</span> 
     </span>
     <span class='ocr_line' id='line_1_17' title="bbox 167 2188 597 2264; baseline 0 -19"><span class='ocrx_word' id='word_1_63' title='bbox 167 2189 212 2246; x_wconf 92' lang='lat' dir='ltr'>Te</span> <span class='ocrx_word' id='word_1_64' title='bbox 233 2206 354 2264; x_wconf 90' lang='lat' dir='ltr'>semper,</span> <span class='ocrx_word' id='word_1_65' title='bbox 377 2199 405 2246; x_wconf 91' lang='lat' dir='ltr'>et</span> <span class='ocrx_word' id='word_1_66' title='bbox 426 2198 522 2247; x_wconf 88' lang='lat' dir='ltr'>tecum</span> <span class='ocrx_word' id='word_1_67' title='bbox 543 2188 597 2246; x_wconf 91' lang='lat' dir='ltr'>tuis</span> 
     </span>
     <span class='ocr_line' id='line_1_18' title="bbox 166 2270 495 2346; baseline 0.003 -20"><span class='ocrx_word' id='word_1_68' title='bbox 166 2271 200 2326; x_wconf 90' lang='lat' dir='ltr'>ln</span> <span class='ocrx_word' id='word_1_69' title='bbox 221 2280 249 2328; x_wconf 92' lang='lat' dir='ltr'>te</span> <span class='ocrx_word' id='word_1_70' title='bbox 270 2270 354 2344; x_wconf 84' lang='lat' dir='ltr'>potiri</span> <span class='ocrx_word' id='word_1_71' title='bbox 374 2270 495 2346; x_wconf 83' lang='lat' dir='ltr'>gaudiis.</span> 
     </span>
    </p>
   </div>
   <div class='ocr_carea' id='block_1_8' title="bbox 166 2433 614 2751">
    <p class='ocr_par' dir='ltr' id='par_1_12' title="bbox 167 2433 529 2491">
     <span class='ocr_line' id='line_1_19' title="bbox 167 2433 529 2491; baseline -0.008 0"><span class='ocrx_word' id='word_1_72' title='bbox 167 2433 259 2491; x_wconf 89' lang='lat' dir='ltr'>Castis</span> <span class='ocrx_word' id='word_1_73' title='bbox 281 2433 405 2490; x_wconf 88' lang='lat' dir='ltr'>vicissim</span> <span class='ocrx_word' id='word_1_74' title='bbox 426 2442 456 2489; x_wconf 91' lang='lat' dir='ltr'>tu</span> <span class='ocrx_word' id='word_1_75' title='bbox 478 2433 529 2490; x_wconf 90' lang='lat' dir='ltr'>tibi</span> 
     </span>
    </p>

    <p class='ocr_par' dir='ltr' id='par_1_13' title="bbox 166 2513 614 2751">
     <span class='ocr_line' id='line_1_20' title="bbox 166 2513 614 2573; baseline -0.002 -3"><span class='ocrx_word' id='word_1_76' title='bbox 166 2515 201 2572; x_wconf 91' lang='lat' dir='ltr'>ln</span> <span class='ocrx_word' id='word_1_77' title='bbox 221 2515 356 2573; x_wconf 86' lang='lat' dir='ltr'>cordibus</span> <span class='ocrx_word' id='word_1_78' title='bbox 377 2513 493 2572; x_wconf 80' lang='lat' dir='ltr'>thorrmt</span> <span class='ocrx_word' id='word_1_79' title='bbox 515 2514 614 2572; x_wconf 85' lang='lat' dir='ltr'>struis:</span> 
     </span>
     <span class='ocr_line' id='line_1_21' title="bbox 166 2595 574 2671; baseline 0 -19"><span class='ocrx_word' id='word_1_80' title='bbox 166 2597 298 2671; x_wconf 86' lang='lat' dir='ltr'>Interque</span> <span class='ocrx_word' id='word_1_81' title='bbox 320 2595 452 2653; x_wconf 84' lang='lat' dir='ltr'>flammas</span> <span class='ocrx_word' id='word_1_82' title='bbox 473 2595 574 2653; x_wconf 90' lang='lat' dir='ltr'>intimo</span> 
     </span>
     <span class='ocr_line' id='line_1_22' title="bbox 167 2676 568 2751; baseline -0.005 -17"><span class='ocrx_word' id='word_1_83' title='bbox 167 2679 278 2735; x_wconf 83' lang='lat' dir='ltr'>Amans</span> <span class='ocrx_word' id='word_1_84' title='bbox 300 2676 423 2751; x_wconf 90' lang='lat' dir='ltr'>quiescis</span> <span class='ocrx_word' id='word_1_85' title='bbox 445 2676 475 2734; x_wconf 87' lang='lat' dir='ltr'>in</span> <span class='ocrx_word' id='word_1_86' title='bbox 496 2678 568 2735; x_wconf 78' lang='lat' dir='ltr'>sinu,</span> 
     </span>
    </p>
   </div>
   <div class='ocr_carea' id='block_1_9' title="bbox 165 2837 634 3158">
    <p class='ocr_par' dir='ltr' id='par_1_14' title="bbox 165 2837 634 3158">
     <span class='ocr_line' id='line_1_23' title="bbox 167 2837 632 2914; baseline -0.006 -18"><span class='ocrx_word' id='word_1_87' title='bbox 167 2839 225 2898; x_wconf 89' lang='lat' dir='ltr'>Hic</span> <span class='ocrx_word' id='word_1_88' title='bbox 246 2857 321 2897; x_wconf 91' lang='lat' dir='ltr'>unus</span> <span class='ocrx_word' id='word_1_89' title='bbox 342 2852 385 2896; x_wconf 88' lang='lat' dir='ltr'>est</span> <span class='ocrx_word' id='word_1_90' title='bbox 407 2837 521 2914; x_wconf 89' lang='lat' dir='ltr'>sponsis</span> <span class='ocrx_word' id='word_1_91' title='bbox 543 2855 632 2906; x_wconf 87' lang='lat' dir='ltr'>amor,</span> 
     </span>
     <span class='ocr_line' id='line_1_24' title="bbox 166 2919 578 2996; baseline -0.007 -18"><span class='ocrx_word' id='word_1_92' title='bbox 166 2920 306 2996; x_wconf 90' lang='lat' dir='ltr'>Unusque</span> <span class='ocrx_word' id='word_1_93' title='bbox 328 2929 424 2978; x_wconf 90' lang='lat' dir='ltr'>tecum</span> <span class='ocrx_word' id='word_1_94' title='bbox 446 2919 578 2994; x_wconf 89' lang='lat' dir='ltr'>spiritus;</span> 
     </span>
     <span class='ocr_line' id='line_1_25' title="bbox 165 2999 608 3077; baseline -0.005 -19"><span class='ocrx_word' id='word_1_95' title='bbox 165 3002 299 3077; x_wconf 89' lang='lat' dir='ltr'>Beasque</span> <span class='ocrx_word' id='word_1_96' title='bbox 321 3018 446 3076; x_wconf 90' lang='lat' dir='ltr'>sponsus</span> <span class='ocrx_word' id='word_1_97' title='bbox 467 2999 608 3074; x_wconf 69' lang='lat' dir='ltr'>singulas⁴</span> 
     </span>
     <span class='ocr_line' id='line_1_26' title="bbox 166 3080 634 3158; baseline -0.002 -18"><span class='ocrx_word' id='word_1_98' title='bbox 166 3084 200 3140; x_wconf 90' lang='lat' dir='ltr'>ln</span> <span class='ocrx_word' id='word_1_99' title='bbox 220 3093 306 3158; x_wconf 90' lang='lat' dir='ltr'>teque</span> <span class='ocrx_word' id='word_1_100' title='bbox 327 3082 522 3151; x_wconf 85' lang='lat' dir='ltr'>transformas,</span> <span class='ocrx_word' id='word_1_101' title='bbox 545 3080 634 3139; x_wconf 79' lang='lat' dir='ltr'>Deus</span> 
     </span>
    </p>
   </div>
   <div class='ocr_carea' id='block_1_10' title="bbox 0 0 980 3600">
    <p class='ocr_par' dir='ltr' id='par_1_15' title="bbox 0 0 980 3600">
     <span class='ocr_line' id='line_1_27' title="bbox 0 0 980 3600; baseline 0 2"><span class='ocrx_word' id='word_1_102' title='bbox 0 0 980 3600; x_wconf 95' lang='lat' dir='ltr'> </span> 
     </span>
    </p>
   </div>
  </div>
 </body>
</html>
