1906 3592
132 242 187 312 164
286 235 325 296 In
345 235 567 296 Praemiacum
584 233 623 294 B.
644 233 772 296 Martia.

208 400 322 460 Tecum
342 409 446 459 cuncta
465 397 532 456 Deo
551 397 675 474 prodiga
695 399 767 458 dum
788 416 879 470 vovesJ

209 483 336 552 Numen,
357 479 458 558 Virgo,
479 479 520 538 tui
540 481 665 555 pectoris
686 481 789 552 incola,

290 562 409 635 Quanto
430 562 548 620 foenore
568 571 672 636 pensat

291 643 400 703 Terrae
420 661 496 720 quae
515 643 594 701 bona
615 642 761 718 despicis?
812 707 818 728 Ι

210 805 290 877 Quid
311 823 366 865 nos
386 805 541 882 illaqueant
561 805 695 880 improba
714 807 841 882 gaudia?

210 887 270 945 Cur
290 904 345 947 uos
364 887 425 963 jam
446 887 543 963 pigeat
562 886 677 944 vincula
696 891 852 963 rumpere?

290 968 359 1028 Dux
380 977 424 1027 est
444 968 537 1043 Virgo
557 967 701 1039 sacerdos,

292 1048 349 1109 Fas
370 1050 406 1109 sit
426 1067 486 1126 quo
506 1059 641 1124 properat
661 1051 753 1126 sequi.

210 1212 289 1287 Ergo
310 1229 386 1270 nunc
407 1220 456 1268 tua
476 1228 548 1285 gens
569 1228 601 1269 se
622 1210 672 1268 tibi
693 1222 862 1281 consecrat;

210 1294 289 1369 Ergo
309 1303 407 1352 nostra
427 1310 527 1351 manes
547 1292 651 1366 portio,
673 1302 712 1362 tu,
734 1291 826 1363 Deus,

292 1374 352 1446 Qui
373 1374 409 1431 de
430 1373 549 1449 Virgine
570 1383 662 1442 natus,

290 1455 345 1513 Per
365 1473 420 1514 nos
441 1472 528 1530 saepe
549 1455 714 1513 renasceris.

212 1619 253 1675 Sit
274 1618 336 1677 laus
357 1635 472 1676 summa
492 1616 576 1686 Patri,
598 1634 770 1691 summaque
794 1616 879 1688 Filio,

212 1699 255 1757 Sit
275 1718 335 1775 par,
357 1710 463 1769 sancte,
485 1698 536 1756 tibi
556 1697 655 1773 gioria,
678 1697 811 1772 Spiritus,

292 1781 322 1838 Si
343 1798 397 1839 nos
419 1781 494 1837 intus
515 1779 619 1849 aduris

291 1860 368 1919 Puro
388 1860 475 1920 corde
496 1861 645 1918 litabimur.

363 2204 409 2246 AD
430 2201 583 2247 OFFICIUM
606 2201 700 2244 NOCT.

211 2419 310 2478 Infans
331 2418 415 2494 pulsa
435 2436 535 2476 recens
556 2419 654 2477 matris
675 2419 712 2475 ab
733 2419 832 2487 ubere,

210 2500 360 2559 Abscondi
380 2500 471 2558 tacitis
492 2500 602 2575 quaerit
623 2500 652 2555 in
673 2501 766 2570 atriis3

291 2581 448 2656 Templum
468 2580 560 2655 Virgo
581 2580 682 2650 futura,

292 2661 409 2738 Templi
429 2662 529 2720 crescit
550 2662 580 2717 in
600 2662 727 2739 aedibus.

209 2826 244 2883 In
264 2823 371 2883 blanda
390 2824 495 2899 requie,
516 2823 602 2898 plena
623 2824 747 2898 negotio,

208 2905 268 2964 Uni
289 2915 358 2964 nota
377 2904 444 2963 Deo
463 2905 556 2961 vivere
577 2905 699 2980 cogitat;

291 2986 349 3044 Hic
370 3005 423 3062 pro
443 2986 515 3043 lacte
536 2986 662 3059 parentis

173 3104 181 3121 .
290 3067 371 3142 Sugit
392 3066 526 3124 Numinis
546 3065 644 3124 ubera.
