1950 3600
308 209 464 287 justorum.

155 352 210 423 Da,
230 350 353 422 Christe,
375 351 416 409 sic
437 368 491 409 nos
511 350 611 422 vivere,

153 432 307 492 Discamus
328 442 359 490 ut
380 449 494 507 semper
514 433 604 491 mori:

155 515 210 586 Da,
230 523 298 591 post
318 513 412 571 brevis
432 513 504 572 vitae
526 513 595 585 dies,

155 596 240 655 Vitae
261 595 395 672 perennis
415 595 528 671 gaudia.
626 654 628 660 ,

158 758 238 817 Fons
258 757 424 829 sanctitatis,
445 757 474 817 Ο
495 757 576 816 Deus

155 841 280 898 Aeterna
300 837 447 915 Justorum
468 840 558 915 quieS,

155 920 260 980 Honor
280 920 338 991 tibi,
360 921 430 992 laus,
452 921 550 996 gloria,

155 1001 241 1061 Nunc
262 1011 291 1060 et
312 1018 363 1076 per
383 1019 473 1060 omne
491 999 628 1060 seculum.

293 1405 338 1448 Ar>
360 1403 494 1448 LAUDES.

156 1590 216 1664 Qui
237 1600 274 1660 te,
295 1589 384 1659 Deus,
406 1589 460 1645 sub
481 1588 581 1647 intimo

156 1673 269 1730 Amans
290 1669 397 1745 recepit
417 1679 541 1744 pectore,

156 1752 226 1812 Non
246 1753 292 1811 ille
312 1761 400 1809 terras
421 1750 543 1825 amplius

157 1834 294 1911 Suspirat,
316 1833 420 1890 oblitus
442 1832 493 1890 sui

155 1995 236 2068 Quid
256 2012 327 2070 ergo
347 1994 456 2070 gaudes
477 2002 590 2052 nectere
691 2015 694 2021 ¹

156 2077 267 2136 Tristes
288 2093 384 2134 moras
405 2076 586 2133 amantibus?

156 2158 255 2217 Terris
275 2156 401 2215 retardas
422 2157 520 2214 exules

122 2311 123 2316 γ
155 2239 241 2298 Cives
261 2238 330 2315 polo
350 2256 425 2314 quos
446 2238 579 2297 destinas

156 2400 234 2458 Hinc
256 2399 343 2458 fervet
364 2400 394 2458 in
415 2401 476 2458 dies
497 2418 594 2472 amor;

156 2481 190 2539 ln
211 2491 277 2540 vota
297 2482 349 2540 toti
370 2481 518 2540 diffluunt:

155 2563 202 2621 Ad
222 2573 298 2621 astra
319 2563 517 2622 festinantibus

155 2643 201 2702 Fit
221 2663 317 2721 poena
337 2646 394 2702 vita
415 2644 535 2720 longior.

155 2806 213 2864 Vix
234 2807 287 2865 iste
308 2807 380 2865 tardi
401 2806 528 2882 corporis

159 2887 276 2946 Pondus
297 2888 450 2946 molestum
472 2885 605 2957 sustinet;
629 2954 634 2964 Ι

155 2968 226 3027 Prae
247 2970 346 3028 mortis
368 2977 489 3044 occupat
511 2967 595 3037 diem,

155 3050 267 3110 Ardens
288 3049 354 3108 Deo
374 3068 406 3109 se
425 3050 554 3126 jungere.

497 3146 548 3189 02
