1950 3600
311 241 511 317 Apostolorum.

157 394 284 469 Vulgata
303 391 384 450 terris
405 391 541 449 omnibus

158 475 213 534 Per
233 492 284 532 vos
305 471 361 530 Dei
382 474 532 548 mysteria:

159 557 206 615 Sic
227 565 320 613 vestra
340 554 421 612 terris
442 554 578 612 omnibus

104 677 106 681 ι
158 638 307 696 Praeclara
326 635 402 694 sacta
422 645 586 710 personant.

156 800 214 858 Uni
236 800 271 858 sit
291 808 320 856 et
340 798 414 856 trino
435 797 502 855 Deo

158 881 299 957 Suprema
320 880 390 950 laus,
411 896 558 937 summum
580 877 676 946 decus,

157 963 203 1021 De
224 971 309 1020 nocte
330 961 380 1036 qui
400 977 455 1018 nos
476 960 513 1017 ad
534 976 603 1016 suae

156 1044 270 1101 Lumen
289 1042 400 1100 vocavit
420 1041 536 1116 gloriae.

189 1441 234 1483 AD
255 1438 418 1483 SECUNDAS
441 1436 603 1482 VESPERAS.

159 1619 256 1691 Quem
277 1617 353 1676 misit
374 1618 404 1674 in
425 1627 513 1675 terras
534 1616 623 1685 Deus,

121 1712 127 1721 “
158 1698 198 1759 Ut
218 1709 310 1757 morte
331 1716 386 1756 nos
407 1709 499 1756 servet
520 1716 580 1768 sua,

158 1781 273 1839 Amoris
294 1779 341 1839 hic
362 1779 436 1838 fidos
458 1780 501 1837 sui

159 1862 221 1921 Vos
243 1863 321 1937 eligit
340 1861 470 1920 vicarios.

159 2024 280 2084 Occisus
300 2024 403 2100 Agnus
425 2042 443 2082 a
462 2023 546 2098 lupis,

158 2105 220 2164 Vos
241 2107 318 2164 misit
339 2122 431 2181 agnos
452 2105 490 2163 ad
511 2104 611 2178 lupos:

158 2186 257 2246 Mores
278 2187 384 2245 ferinos
405 2196 522 2254 exuunt,

158 2269 235 2344 Agni
253 2277 374 2344 repente
395 2267 431 2326 de
452 2267 535 2342 lupis.

157 2430 241 2502 Quae
261 2430 440 2489 victimarum
460 2429 597 2487 caedibus

158 2510 257 2570 Tellus
278 2512 414 2569 madebat
434 2511 539 2586 impiis,

157 2592 267 2652 Vestris
288 2610 354 2651 eam
375 2591 537 2662 sudoribus,

156 2673 262 2733 Vestro
283 2671 383 2749 piastis
404 2674 553 2748 sanguine.
638 2726 644 2737 .

157 2836 224 2895 Hoc
244 2854 308 2895 rore
330 2835 405 2894 sacta
425 2835 568 2911 pinguior,

156 2916 237 2988 Quot
257 2918 304 2975 illa
325 2917 432 2976 fructus
453 2915 585 2991 protulit!

156 2997 250 3069 Quae,
271 3008 380 3074 quanta
400 2997 521 3055 surrexit
542 2997 643 3072 seges!

156 3078 193 3137 Et
214 3080 268 3138 ista
288 3098 343 3138 nos
364 3096 448 3155 seges
470 3095 578 3136 sumus.

744 245 799 317 169
