1950 3600
265 240 297 301 S.
318 239 435 315 Moriar
454 236 644 313 Magdalener,
795 253 850 340 137!

154 386 160 401 x
215 403 337 480 Impleta
356 419 434 459 nuno
453 399 625 476 Apostolam
653 414 673 429 ·’

215 485 360 561 Promissa
380 493 408 541 te
429 482 552 558 primam
573 481 662 541 choro
689 509 693 513 ·

214 565 420 642 Apostolorum
440 563 560 638 grandia

212 646 318 724 jubent
338 646 441 704 referre
462 644 569 702 nuntia.

196 808 279 867 ‘Deo
299 808 375 866 Patri
396 808 432 866 sit
451 808 550 882 gloria,

214 890 342 966 Ejusque
363 889 417 947 soli
437 888 517 959 Filio,

214 971 320 1030 Sancto
341 969 425 1028 simul
446 988 513 1028 cum
535 968 648 1044 Spiritu,

213 1051 309 1123 Nunc,
330 1061 358 1109 et
378 1069 430 1127 per
450 1068 537 1109 omne
558 1049 694 1108 seculum.

351 1373 396 1419 AD
416 1374 550 1419 LAUDES.

90 1592 184 1652 Maria
205 1612 287 1657 sacro
309 1597 406 1654 saucia
425 1597 549 1665 vulnere,

89 1674 160 1733 Non
177 1677 238 1753 jam
260 1676 417 1734 dolendum
438 1677 507 1752 quid
528 1676 687 1735 Dominum
709 1675 808 1736 doles?

89 1757 211 1833 Semper
230 1776 384 1817 renascens
405 1759 451 1816 hic
472 1761 578 1819 amoris

88 1836 175 1897 Unde
196 1839 247 1896 tibi
268 1839 408 1898 violentus
429 1841 532 1898 ardor?

87 2002 185 2073 Quem
207 2000 320 2078 quaeris
341 2001 405 2077 ipso
426 2001 532 2060 funeris
553 2003 584 2059 in
605 2005 677 2074 sinu,

87 2079 174 2141 Victo
195 2081 351 2157 triumphat
371 2082 469 2140 funere
491 2084 599 2150 clarior,

87 2163 179 2221 Vivit:
203 2174 311 2222 retecto
329 2165 390 2238 jam
411 2164 551 2239 sepulcro,

87 2245 163 2302 Ecce
183 2246 280 2320 jacent
300 2245 428 2303 revoluta
448 2263 525 2303 saxa.

85 2406 237 2481 Myrrham
257 2407 327 2484 quid
348 2407 441 2472 affers,
462 2425 591 2484 vanaque
612 2411 760 2471 balsama?

87 2487 171 2546 Haec
193 2489 256 2546 luce
277 2489 381 2546 functis
402 2487 498 2546 debita
518 2508 652 2549 munera:

88 2568 163 2627 Mox
186 2569 231 2626 ille
253 2569 405 2628 donandos
427 2568 555 2645 Olympo

87 2649 158 2707 Non
179 2660 245 2725 eget
266 2650 310 2709 his
330 2650 470 2708 redivivus
491 2661 576 2709 artus.

89 2811 198 2886 Ingens
219 2821 365 2870 amantem
386 2821 414 2869 te
435 2812 517 2870 dolor
538 2812 659 2883 indicat;

87 2894 200 2951 Amans
221 2893 345 2951 vicissim
366 2911 397 2950 se
419 2891 500 2952 Deus
521 2893 639 2952 obtulit:

88 2975 226 3048 Agnosce
247 2991 349 3032 vocem
369 2983 401 3031 tu
422 2972 554 3050 Magistri

89 3047 218 3112 Nomine
239 3065 267 3113 te
287 3055 406 3131 proprio
427 3056 563 3114 vocantis.
