<?xml version="1.0" encoding="UTF-8"?>
<!DOCTYPE html PUBLIC "-//W3C//DTD XHTML 1.0 Transitional//EN"
    "http://www.w3.org/TR/xhtml1/DTD/xhtml1-transitional.dtd">
<html xmlns="http://www.w3.org/1999/xhtml" xml:lang="en" lang="en">
 <head>
  <title>
</title>
<meta http-equiv="Content-Type" content="text/html;charset=utf-8" />
  <meta name='ocr-system' content='tesseract 3.04.00' />
  <meta name='ocr-capabilities' content='ocr_page ocr_carea ocr_par ocr_line ocrx_word'/>
</head>
<body>
  <div class='ocr_page' id='page_1' title='image "./hymniecclesiae00churgoog_0220.png"; bbox 0 0 1950 3600; ppageno 0'>
   <div class='ocr_carea' id='block_1_1' title="bbox 336 239 488 316">
    <p class='ocr_par' dir='ltr' id='par_1_1' title="bbox 336 239 488 316">
     <span class='ocr_line' id='line_1_1' title="bbox 336 239 488 316; baseline 0.007 -19"><span class='ocrx_word' id='word_1_1' title='bbox 336 239 488 316; x_wconf 72' lang='lat' dir='ltr'>W&#39;rginum.</span> 
     </span>
    </p>
   </div>
   <div class='ocr_carea' id='block_1_2' title="bbox 86 399 719 704">
    <p class='ocr_par' dir='ltr' id='par_1_2' title="bbox 87 399 719 479">
     <span class='ocr_line' id='line_1_2' title="bbox 87 399 719 479; baseline 0.005 -19"><span class='ocrx_word' id='word_1_2' title='bbox 87 402 201 478; x_wconf 85' lang='lat' dir='ltr'><strong>Sponsa</strong></span> <span class='ocrx_word' id='word_1_3' title='bbox 221 401 326 460; x_wconf 86' lang='lat' dir='ltr'>dilecto</span> <span class='ocrx_word' id='word_1_4' title='bbox 346 402 484 478; x_wconf 85' lang='lat' dir='ltr'>placitura</span> <span class='ocrx_word' id='word_1_5' title='bbox 505 401 628 479; x_wconf 88' lang='lat' dir='ltr'>Sponso‚</span> <span class='ocrx_word' id='word_1_6' title='bbox 712 399 719 424; x_wconf 87' lang='lat'>&#39;</span> 
     </span>
    </p>

    <p class='ocr_par' dir='ltr' id='par_1_3' title="bbox 86 482 614 561">
     <span class='ocr_line' id='line_1_3' title="bbox 86 482 614 561; baseline 0 -20"><span class='ocrx_word' id='word_1_7' title='bbox 86 482 215 559; x_wconf 88' lang='lat' dir='ltr'>Despicit</span> <span class='ocrx_word' id='word_1_8' title='bbox 235 493 350 558; x_wconf 89' lang='lat' dir='ltr'>ruptum</span> <span class='ocrx_word' id='word_1_9' title='bbox 370 483 474 542; x_wconf 85' lang='lat' dir='ltr'>laniata</span> <span class='ocrx_word' id='word_1_10' title='bbox 494 501 614 561; x_wconf 86' lang='lat' dir='ltr'>eorpus:</span> 
     </span>
    </p>

    <p class='ocr_par' dir='ltr' id='par_1_4' title="bbox 88 563 669 704">
     <span class='ocr_line' id='line_1_4' title="bbox 88 563 669 625; baseline 0.002 -2"><span class='ocrx_word' id='word_1_11' title='bbox 88 563 140 623; x_wconf 83' lang='lat' dir='ltr'>Est</span> <span class='ocrx_word' id='word_1_12' title='bbox 160 582 229 622; x_wconf 88' lang='lat' dir='ltr'>suus</span> <span class='ocrx_word' id='word_1_13' title='bbox 249 565 355 624; x_wconf 89' lang='lat' dir='ltr'>truncis</span> <span class='ocrx_word' id='word_1_14' title='bbox 376 565 468 624; x_wconf 91' lang='lat' dir='ltr'>honor</span> <span class='ocrx_word' id='word_1_15' title='bbox 488 575 516 623; x_wconf 91' lang='lat' dir='ltr'>et</span> <span class='ocrx_word' id='word_1_16' title='bbox 537 575 669 625; x_wconf 84' lang='lat' dir='ltr'>venustas</span> 
     </span>
     <span class='ocr_line' id='line_1_5' title="bbox 168 645 458 704; baseline 0.003 -1"><span class='ocrx_word' id='word_1_17' title='bbox 168 645 220 704; x_wconf 90' lang='lat' dir='ltr'>Est</span> <span class='ocrx_word' id='word_1_18' title='bbox 241 663 293 703; x_wconf 89' lang='lat' dir='ltr'>sua</span> <span class='ocrx_word' id='word_1_19' title='bbox 313 647 458 704; x_wconf 89' lang='lat' dir='ltr'>membris.</span> 
     </span>
    </p>
   </div>
   <div class='ocr_carea' id='block_1_3' title="bbox 88 807 673 1110">
    <p class='ocr_par' dir='ltr' id='par_1_5' title="bbox 89 807 649 883">
     <span class='ocr_line' id='line_1_6' title="bbox 89 807 649 883; baseline 0 -17"><span class='ocrx_word' id='word_1_20' title='bbox 89 807 192 866; x_wconf 91' lang='lat' dir='ltr'>Omnis</span> <span class='ocrx_word' id='word_1_21' title='bbox 213 826 230 865; x_wconf 93' lang='lat' dir='ltr'>a</span> <span class='ocrx_word' id='word_1_22' title='bbox 250 815 328 871; x_wconf 89' lang='lat' dir='ltr'>recto</span> <span class='ocrx_word' id='word_1_23' title='bbox 350 807 411 865; x_wconf 91' lang='lat' dir='ltr'>fluit</span> <span class='ocrx_word' id='word_1_24' title='bbox 431 807 476 866; x_wconf 93' lang='lat' dir='ltr'>ille</span> <span class='ocrx_word' id='word_1_25' title='bbox 497 808 649 883; x_wconf 87' lang='lat' dir='ltr'><strong>splendor:</strong></span> 
     </span>
    </p>

    <p class='ocr_par' dir='ltr' id='par_1_6' title="bbox 88 888 673 960">
     <span class='ocr_line' id='line_1_7' title="bbox 88 888 673 960; baseline 0.002 -13"><span class='ocrx_word' id='word_1_26' title='bbox 88 888 209 959; x_wconf 88' lang='lat' dir='ltr'>Christe,</span> <span class='ocrx_word' id='word_1_27' title='bbox 230 889 272 947; x_wconf 91' lang='lat' dir='ltr'>sic</span> <span class='ocrx_word' id='word_1_28' title='bbox 293 888 363 947; x_wconf 89' lang='lat' dir='ltr'>olim</span> <span class='ocrx_word' id='word_1_29' title='bbox 384 907 468 948; x_wconf 90' lang='lat' dir='ltr'>cruce</span> <span class='ocrx_word' id='word_1_30' title='bbox 489 899 588 948; x_wconf 90' lang='lat' dir='ltr'>tensus</span> <span class='ocrx_word' id='word_1_31' title='bbox 609 889 673 960; x_wconf 87' lang='lat' dir='ltr'>alta,</span> 
     </span>
    </p>

    <p class='ocr_par' dir='ltr' id='par_1_7' title="bbox 89 968 651 1110">
     <span class='ocr_line' id='line_1_8' title="bbox 89 968 651 1046; baseline 0.005 -19"><span class='ocrx_word' id='word_1_32' title='bbox 89 968 261 1046; x_wconf 89' lang='lat' dir='ltr'>Obsequens</span> <span class='ocrx_word' id='word_1_33' title='bbox 283 969 366 1040; x_wconf 90' lang='lat' dir='ltr'>Patri,</span> <span class='ocrx_word' id='word_1_34' title='bbox 388 970 497 1030; x_wconf 88' lang='lat' dir='ltr'>laceros</span> <span class='ocrx_word' id='word_1_35' title='bbox 518 971 651 1046; x_wconf 78' lang='lat' dir='ltr'>placebas</span> 
     </span>
     <span class='ocr_line' id='line_1_9' title="bbox 171 1050 420 1110; baseline 0.004 -1"><span class='ocrx_word' id='word_1_36' title='bbox 171 1050 314 1109; x_wconf 89' lang='lat' dir='ltr'>Horridus</span> <span class='ocrx_word' id='word_1_37' title='bbox 335 1061 420 1110; x_wconf 81' lang='lat' dir='ltr'>artus.</span> 
     </span>
    </p>
   </div>
   <div class='ocr_carea' id='block_1_4' title="bbox 90 1212 711 1532">
    <p class='ocr_par' dir='ltr' id='par_1_8' title="bbox 91 1212 711 1288">
     <span class='ocr_line' id='line_1_10' title="bbox 91 1212 711 1288; baseline 0.003 -18"><span class='ocrx_word' id='word_1_38' title='bbox 91 1213 211 1272; x_wconf 89' lang='lat' dir='ltr'>Summa</span> <span class='ocrx_word' id='word_1_39' title='bbox 232 1213 293 1271; x_wconf 91' lang='lat' dir='ltr'>laus</span> <span class='ocrx_word' id='word_1_40' title='bbox 315 1212 399 1284; x_wconf 85' lang='lat' dir='ltr'>Patri,</span> <span class='ocrx_word' id='word_1_41' title='bbox 420 1214 575 1288; x_wconf 79' lang='lat' dir='ltr'>genitoque</span> <span class='ocrx_word' id='word_1_42' title='bbox 596 1214 711 1284; x_wconf 90' lang='lat' dir='ltr'>Verbo;</span> 
     </span>
    </p>

    <p class='ocr_par' dir='ltr' id='par_1_9' title="bbox 90 1294 652 1370">
     <span class='ocr_line' id='line_1_11' title="bbox 90 1294 652 1370; baseline 0.004 -19"><span class='ocrx_word' id='word_1_43' title='bbox 90 1294 127 1351; x_wconf 87' lang='lat' dir='ltr'>Et</span> <span class='ocrx_word' id='word_1_44' title='bbox 148 1295 198 1352; x_wconf 91' lang='lat' dir='ltr'>tibi</span> <span class='ocrx_word' id='word_1_45' title='bbox 219 1312 345 1370; x_wconf 88' lang='lat' dir='ltr'>compar,</span> <span class='ocrx_word' id='word_1_46' title='bbox 359 1295 513 1370; x_wconf 88' lang='lat' dir='ltr'>utriusque</span> <span class='ocrx_word' id='word_1_47' title='bbox 535 1295 652 1355; x_wconf 84' lang='lat' dir='ltr'>Nexus:</span> 
     </span>
    </p>

    <p class='ocr_par' dir='ltr' id='par_1_10' title="bbox 90 1375 608 1532">
     <span class='ocr_line' id='line_1_12' title="bbox 90 1375 608 1451; baseline 0.01 -20"><span class='ocrx_word' id='word_1_48' title='bbox 90 1375 147 1433; x_wconf 86' lang='lat' dir='ltr'>Fac</span> <span class='ocrx_word' id='word_1_49' title='bbox 168 1376 218 1434; x_wconf 89' lang='lat' dir='ltr'>tibi</span> <span class='ocrx_word' id='word_1_50' title='bbox 239 1393 353 1451; x_wconf 89' lang='lat' dir='ltr'>semper</span> <span class='ocrx_word' id='word_1_51' title='bbox 373 1376 537 1451; x_wconf 78' lang='lat' dir='ltr'>placeamus</span> <span class='ocrx_word' id='word_1_52' title='bbox 558 1377 608 1436; x_wconf 88' lang='lat' dir='ltr'>uni</span> 
     </span>
     <span class='ocr_line' id='line_1_13' title="bbox 172 1456 431 1532; baseline 0.004 -18"><span class='ocrx_word' id='word_1_53' title='bbox 172 1456 303 1516; x_wconf 89' lang='lat' dir='ltr'>Moribus</span> <span class='ocrx_word' id='word_1_54' title='bbox 323 1458 431 1532; x_wconf 85' lang='lat' dir='ltr'>aequis.</span> 
     </span>
    </p>
   </div>
   <div class='ocr_carea' id='block_1_5' title="bbox 261 1780 557 1856">
    <p class='ocr_par' dir='ltr' id='par_1_11' title="bbox 261 1780 557 1856">
     <span class='ocr_line' id='line_1_14' title="bbox 261 1780 557 1856; baseline 0.003 -17"><span class='ocrx_word' id='word_1_55' title='bbox 261 1780 324 1840; x_wconf 81' lang='lat' dir='ltr'>Pro</span> <span class='ocrx_word' id='word_1_56' title='bbox 344 1802 398 1841; x_wconf 83' lang='lat' dir='ltr'>non</span> <span class='ocrx_word' id='word_1_57' title='bbox 418 1782 557 1856; x_wconf 58' lang='lat' dir='ltr'>Morare.</span> 
     </span>
    </p>
   </div>
   <div class='ocr_carea' id='block_1_6' title="bbox 172 2012 632 2337">
    <p class='ocr_par' dir='ltr' id='par_1_12' title="bbox 172 2012 632 2337">
     <span class='ocr_line' id='line_1_15' title="bbox 173 2012 568 2088; baseline -0.01 -15"><span class='ocrx_word' id='word_1_58' title='bbox 173 2014 313 2074; x_wconf 90' lang='lat' dir='ltr'>Coelestis</span> <span class='ocrx_word' id='word_1_59' title='bbox 334 2013 399 2071; x_wconf 89' lang='lat' dir='ltr'>aula</span> <span class='ocrx_word' id='word_1_60' title='bbox 419 2012 568 2088; x_wconf 85' lang='lat' dir='ltr'>panditur:</span> 
     </span>
     <span class='ocr_line' id='line_1_16' title="bbox 172 2094 632 2172; baseline -0.004 -20"><span class='ocrx_word' id='word_1_61' title='bbox 172 2095 219 2152; x_wconf 91' lang='lat' dir='ltr'>En</span> <span class='ocrx_word' id='word_1_62' title='bbox 240 2113 364 2172; x_wconf 90' lang='lat' dir='ltr'>sponsus</span> <span class='ocrx_word' id='word_1_63' title='bbox 375 2113 383 2165; x_wconf 90' lang='lat'>;</span> <span class='ocrx_word' id='word_1_64' title='bbox 408 2112 510 2153; x_wconf 86' lang='lat' dir='ltr'>omnes</span> <span class='ocrx_word' id='word_1_65' title='bbox 532 2094 632 2151; x_wconf 89' lang='lat' dir='ltr'>obviae</span> 
     </span>
     <span class='ocr_line' id='line_1_17' title="bbox 172 2175 535 2252; baseline -0.006 -19"><span class='ocrx_word' id='word_1_66' title='bbox 172 2176 256 2234; x_wconf 85' lang='lat' dir='ltr'>Exite</span> <span class='ocrx_word' id='word_1_67' title='bbox 278 2176 393 2251; x_wconf 87' lang='lat' dir='ltr'>Sponso</span> <span class='ocrx_word' id='word_1_68' title='bbox 414 2175 535 2252; x_wconf 86' lang='lat' dir='ltr'>Virgini,</span> 
     </span>
     <span class='ocr_line' id='line_1_18' title="bbox 177 2255 581 2337; baseline -0.002 -23"><span class='ocrx_word' id='word_1_69' title='bbox 177 2257 270 2328; x_wconf 82' lang='lat' dir='ltr'>Exite,</span> <span class='ocrx_word' id='word_1_70' title='bbox 292 2274 417 2337; x_wconf 86' lang='lat' dir='ltr'>sponsae</span> <span class='ocrx_word' id='word_1_71' title='bbox 438 2255 581 2331; x_wconf 82' lang='lat' dir='ltr'>Virgines.</span> 
     </span>
    </p>
   </div>
   <div class='ocr_carea' id='block_1_7' title="bbox 175 2417 628 2739">
    <p class='ocr_par' dir='ltr' id='par_1_13' title="bbox 175 2417 628 2739">
     <span class='ocr_line' id='line_1_19' title="bbox 176 2417 569 2494; baseline -0.005 -16"><span class='ocrx_word' id='word_1_72' title='bbox 176 2419 258 2478; x_wconf 91' lang='lat' dir='ltr'>Haec</span> <span class='ocrx_word' id='word_1_73' title='bbox 280 2418 414 2494; x_wconf 84' lang='lat' dir='ltr'>nuptialis</span> <span class='ocrx_word' id='word_1_74' title='bbox 434 2428 478 2477; x_wconf 90' lang='lat' dir='ltr'>est</span> <span class='ocrx_word' id='word_1_75' title='bbox 499 2417 569 2486; x_wconf 85' lang='lat' dir='ltr'>dies,</span> 
     </span>
     <span class='ocr_line' id='line_1_20' title="bbox 176 2498 613 2576; baseline -0.009 -17"><span class='ocrx_word' id='word_1_76' title='bbox 176 2500 269 2572; x_wconf 85' lang='lat' dir='ltr'>Quae,</span> <span class='ocrx_word' id='word_1_77' title='bbox 290 2501 378 2575; x_wconf 85' lang='lat' dir='ltr'>longa</span> <span class='ocrx_word' id='word_1_78' title='bbox 397 2509 464 2576; x_wconf 91' lang='lat' dir='ltr'>post</span> <span class='ocrx_word' id='word_1_79' title='bbox 485 2498 613 2573; x_wconf 89' lang='lat' dir='ltr'>suspiria,</span> 
     </span>
     <span class='ocr_line' id='line_1_21' title="bbox 176 2578 628 2654; baseline -0.007 -14"><span class='ocrx_word' id='word_1_80' title='bbox 176 2581 234 2640; x_wconf 88' lang='lat' dir='ltr'>Dat</span> <span class='ocrx_word' id='word_1_81' title='bbox 254 2583 399 2652; x_wconf 86' lang='lat' dir='ltr'>omnibus,</span> <span class='ocrx_word' id='word_1_82' title='bbox 420 2580 469 2638; x_wconf 90' lang='lat' dir='ltr'>dat</span> <span class='ocrx_word' id='word_1_83' title='bbox 490 2578 628 2654; x_wconf 80' lang='lat' dir='ltr'>singulis·</span> 
     </span>
     <span class='ocr_line' id='line_1_22' title="bbox 175 2660 544 2739; baseline -0.011 -17"><span class='ocrx_word' id='word_1_84' title='bbox 175 2663 241 2739; x_wconf 90' lang='lat' dir='ltr'>Jam</span> <span class='ocrx_word' id='word_1_85' title='bbox 263 2663 375 2738; x_wconf 89' lang='lat' dir='ltr'>plenius</span> <span class='ocrx_word' id='word_1_86' title='bbox 396 2661 450 2719; x_wconf 86' lang='lat' dir='ltr'>frui</span> <span class='ocrx_word' id='word_1_87' title='bbox 471 2660 544 2718; x_wconf 93' lang='lat' dir='ltr'>Deo.</span> 
     </span>
    </p>
   </div>
   <div class='ocr_carea' id='block_1_8' title="bbox 176 2819 596 3142">
    <p class='ocr_par' dir='ltr' id='par_1_14' title="bbox 176 2819 596 3062">
     <span class='ocr_line' id='line_1_23' title="bbox 176 2819 596 2895; baseline -0.017 -11"><span class='ocrx_word' id='word_1_88' title='bbox 176 2823 261 2895; x_wconf 92' lang='lat' dir='ltr'>Quae</span> <span class='ocrx_word' id='word_1_89' title='bbox 281 2835 361 2883; x_wconf 87' lang='lat' dir='ltr'>casta</span> <span class='ocrx_word' id='word_1_90' title='bbox 380 2823 461 2882; x_wconf 90' lang='lat' dir='ltr'>vobis</span> <span class='ocrx_word' id='word_1_91' title='bbox 482 2819 596 2895; x_wconf 83' lang='lat' dir='ltr'>gaudia,</span> 
     </span>
     <span class='ocr_line' id='line_1_24' title="bbox 177 2901 593 2979; baseline -0.012 -15"><span class='ocrx_word' id='word_1_92' title='bbox 177 2904 261 2976; x_wconf 88' lang='lat' dir='ltr'>Quos</span> <span class='ocrx_word' id='word_1_93' title='bbox 282 2905 358 2964; x_wconf 89' lang='lat' dir='ltr'>afflet</span> <span class='ocrx_word' id='word_1_94' title='bbox 379 2905 469 2979; x_wconf 79' lang='lat' dir='ltr'>ignes,</span> <span class='ocrx_word' id='word_1_95' title='bbox 491 2901 593 2960; x_wconf 87' lang='lat' dir='ltr'>dicite:</span> 
     </span>
     <span class='ocr_line' id='line_1_25' title="bbox 177 2983 515 3062; baseline -0.009 -20"><span class='ocrx_word' id='word_1_96' title='bbox 177 2985 225 3043; x_wconf 83' lang='lat' dir='ltr'>Ab</span> <span class='ocrx_word' id='word_1_97' title='bbox 245 3005 295 3045; x_wconf 89' lang='lat' dir='ltr'>ore</span> <span class='ocrx_word' id='word_1_98' title='bbox 316 2987 397 3062; x_wconf 87' lang='lat' dir='ltr'>cujus</span> <span class='ocrx_word' id='word_1_99' title='bbox 418 2983 515 3060; x_wconf 91' lang='lat' dir='ltr'>purior</span> 
     </span>
    </p>

    <p class='ocr_par' dir='ltr' id='par_1_15' title="bbox 180 3063 578 3142">
     <span class='ocr_line' id='line_1_26' title="bbox 180 3063 578 3142; baseline 0.008 -19"><span class='ocrx_word' id='word_1_100' title='bbox 180 3066 306 3127; x_wconf 89' lang='lat' dir='ltr'>Torrens</span> <span class='ocrx_word' id='word_1_101' title='bbox 328 3067 457 3142; x_wconf 87' lang='lat' dir='ltr'>voluptas</span> <span class='ocrx_word' id='word_1_102' title='bbox 471 3063 578 3126; x_wconf 79' lang='lat' dir='ltr'>effluit?</span> 
     </span>
    </p>
   </div>
   <div class='ocr_carea' id='block_1_9' title="bbox 0 0 986 3600">
    <p class='ocr_par' dir='ltr' id='par_1_16' title="bbox 0 0 986 3600">
     <span class='ocr_line' id='line_1_27' title="bbox 0 0 986 3600; baseline 0 0"><span class='ocrx_word' id='word_1_103' title='bbox 0 0 986 3600; x_wconf 95' lang='lat' dir='ltr'> </span> 
     </span>
    </p>
   </div>
  </div>
 </body>
</html>
