1906 3592
173 260 210 314 92
419 235 458 294 In
478 234 534 293 Die
553 234 726 294 pentecostes.

293 401 371 460 Olim
392 418 443 474 per
464 399 581 456 umbras
601 398 713 456 vatibus

293 482 413 540 Retecta
433 481 532 556 paucis
553 479 664 549 veritas

294 564 379 622 Nunc
400 563 470 621 orbe
492 572 553 619 toto
574 561 682 619 dissitis

292 645 345 702 Per
366 655 393 703 te
414 653 542 719 patescat
562 641 706 717 gentibus.

292 806 395 864 Divina
413 807 474 881 jam
494 823 549 863 nos
570 805 668 861 unctio

292 887 430 945 Informet
450 904 568 944 omnes:
598 885 737 942 hactenus
838 929 843 936 .

291 968 380 1027 Mutis
401 978 509 1026 aratam
530 967 626 1025 litteris

290 1049 418 1108 Inscribe
440 1050 535 1124 legem
556 1048 700 1106 cordibus.

291 1211 331 1268 Sit
353 1211 415 1268 laus
436 1210 527 1280 Patri;
556 1210 617 1268 laus
639 1209 729 1267 Filio:

291 1292 451 1368 Utrumque
473 1292 523 1367 qui
543 1292 641 1362 nectis,
664 1290 755 1362 Deus,

289 1372 409 1448 Utrique
431 1388 556 1447 compar,
578 1374 614 1430 sit
634 1372 686 1429 tibi

272 1454 386 1528 *Decus
407 1473 542 1530 perenne,
566 1454 694 1529 Spiritus.

396 1792 443 1835 AD
464 1792 618 1836 OFFICIUM
641 1792 737 1835 NOCT.

248 1994 325 2051 Inter
346 1992 490 2068 sulphurei
511 1992 622 2067 fulgura
643 1992 772 2064 turbinis

248 2075 498 2148 Flammarumque
518 2074 622 2149 globos
644 2084 672 2130 et
693 2075 822 2133 sonitum
844 2079 938 2148 tubae,

247 2158 404 2231 Antiquam
425 2156 520 2224 veteri,
541 2164 639 2211 monte
662 2153 731 2211 Sina
752 2174 847 2232 super,

327 2237 437 2312 Legem
458 2237 510 2294 das
530 2235 649 2310 populu
670 2234 760 2294 Deus.

247 2397 302 2456 His
323 2398 412 2455 infida
432 2399 537 2473 probas
559 2397 646 2455 corda
666 2399 838 2472 pavoribus;

244 2479 281 2536 Et
301 2497 421 2555 peccare
443 2489 529 2548 vetaS,
550 2489 598 2535 aut
619 2479 740 2552 pretium
762 2482 854 2538 mori:

245 2560 354 2618 Verum
375 2560 511 2617 terribiles
533 2560 601 2635 quid
623 2559 733 2633 parient
753 2562 871 2621 minae?

327 2641 395 2712 Quo
416 2651 510 2699 tantus
530 2640 636 2699 recidet
657 2643 783 2698 tremor?

243 2803 445 2872 Enlfumantis
466 2802 560 2859 adhuc
581 2803 687 2860 montis
709 2803 746 2859 ad
767 2804 868 2863 infima

240 2883 325 2942 Plebs
346 2885 434 2942 oblita
455 2883 552 2941 datam
572 2884 708 2941 continuo
729 2883 827 2956 fidem,

243 2965 360 3023 Brutum
380 2964 491 3039 perfida
511 2965 593 3038 plebs
614 2964 739 3038 effigiem
760 2966 836 3036 colit,

323 3045 391 3102 Veri
413 3045 547 3102 Numinis
569 3045 598 3100 in
618 3044 723 3102 locum.
