1906 3592
126 267 162 317 44

327 245 366 304 In
386 244 468 302 Festo
490 242 722 312 circumcisionis.

289 408 348 480 Qui
369 417 452 465 natus
474 425 506 465 es
528 407 564 464 de
585 404 714 481 Virgine,

276 489 367 566 ·Jesu,
388 490 438 547 tibi
460 489 495 546 sit
515 488 606 564 gloria

290 569 366 628 Cum
387 569 479 640 Patre,
501 587 625 644 cumque
648 567 764 643 Spiritu,

290 651 325 708 In
346 652 519 726 sempiterna
541 651 644 708 secula.

432 847 629 854 -—-—--

156 979 199 1036 IN
223 976 353 1035 FESTO
373 972 715 1034 CIRCUMCISIONIS
737 972 911 1032 DOMINI.

337 1107 382 1149 AD
404 1104 521 1148 PRIMAS
535 1103 707 1148 VESPERAS.

209 1212 319 1270 Debilis
339 1220 453 1269 cessent
473 1209 616 1268 elementa
637 1210 727 1284 legis:

212 1294 261 1352 Sat
282 1293 331 1350 diu
351 1302 463 1349 mentes
484 1292 570 1348 timor
591 1291 758 1365 occupavit:

207 1375 325 1433 -Foedus
347 1374 453 1430 aeterni
474 1372 596 1430 stabilire
618 1372 703 1449 Jesus

292 1454 397 1529 Coepit
417 1454 531 1511 amoris.

213 1617 279 1674 Sole
302 1617 337 1674 de
359 1633 426 1672 vero
446 1614 551 1682 radius
574 1613 682 1687 paterni

212 1697 342 1754 Luminis
363 1714 450 1770 purus
472 1696 533 1753 sine
554 1694 631 1750 nube
653 1692 798 1768 splendor,

213 1778 320 1836 Probra
341 1778 450 1852 peccati
471 1793 542 1851 puer
562 1792 630 1831 ecce
652 1775 756 1831 tinctus

294 1858 439 1932 Sanguine
460 1855 590 1932 praefert.

214 2020 303 2077 stillat
324 2020 435 2076 excisos
457 2018 536 2094 pueri
557 2034 608 2091 per
629 2027 705 2073 artus

213 2100 322 2158 Efficax
344 2119 435 2157 noxas
454 2100 570 2167 ,abolere
592 2098 725 2172 sanguis:

214 2182 330 2257 Obligat
351 2181 435 2238 morti
456 2181 582 2256 pretiosa
602 2188 695 2235 totum

295 2262 373 2320 stilla
394 2280 532 2320 cruorem.

216 2424 299 2482 Haec
321 2424 382 2482 dies
403 2441 511 2480 nomen
531 2425 583 2480 tibi
604 2425 788 2499 comparavit,

216 2505 243 2562 Ο
265 2505 347 2575 Puer,
369 2522 477 2580 pronus
498 2506 577 2579 quod
599 2505 698 2562 adoret
719 2505 797 2563 orbis
808 2523 815 2574 ;

215 2586 252 2643 Et
274 2587 357 2643 simul
379 2585 443 2654 dici,
466 2586 550 2642 simul
571 2587 632 2662 ipse
654 2585 738 2662 Jesus

297 2667 404 2743 Incipis
425 2685 497 2724 esse.
683 2678 685 2681 “

218 2827 338 2886 Summa
358 2828 420 2886 laus
442 2827 517 2885 Patri
527 2829 641 2900 ;.simul
663 2845 754 2902 aequa
776 2826 862 2896 Nato,

219 2907 278 2979 Qui
299 2927 353 2968 suo
373 2909 515 2966 mundum
536 2909 648 2966 redimit
669 2926 784 2967 cruore:

217 2988 272 3045 Par
293 2991 328 3047 sit
349 2990 501 3048 amborum
522 2990 572 3046 tibi
593 2990 654 3047 laus
676 3008 726 3064 per
747 3007 843 3059 omne,

300 3070 427 3147 Spiritus,
450 3087 559 3127 aevum.
