1906 3592
130 258 186 314 274
321 238 360 296 In
374 237 455 296 Festo
472 237 604 316 Corporis
621 242 741 308 Christi.
805 218 809 225 Ι

286 398 321 455 ln
342 414 494 473 supremae
515 409 600 457 nocte
621 419 733 463 coenae

289 479 475 538 Recumbens
497 497 564 538 cum
584 480 728 558 fratribus,

286 559 446 619 Observata
466 560 531 636 lege
550 562 636 637 plene

286 640 367 700 Cibis
388 641 417 698 in
438 642 585 717 legalibus,

285 722 392 781 Cibum
412 724 512 781 turbae
533 723 686 786 duodenae

286 803 323 861 Se
344 804 392 861 dat
414 805 472 862 suis
493 806 634 865 manibus.

285 965 415 1023 Verbum
437 985 513 1038 caro,
534 986 641 1043 panem
664 992 765 1033 verum

284 1046 381 1105 Verbo
402 1066 518 1107 carnem
539 1050 640 1110 efficit:

283 1127 384 1202 Fitque
404 1131 522 1206 sanguis
543 1131 649 1192 Christi
670 1154 792 1208 merum,

284 1208 321 1265 Et
335 1210 359 1266 si
380 1229 482 1271 sensus
504 1212 614 1272 deficit:

281 1289 328 1346 Ad
349 1290 523 1349 firmandum
543 1310 593 1351 cor
617 1297 762 1357 sincerum

282 1370 349 1428 Sola
370 1371 442 1431 fides
463 1375 574 1432 sufficit.

281 1532 408 1590 Tantum
430 1553 499 1610 ergo
521 1534 740 1599 Sacramentum

279 1614 458 1673 Veneremur
481 1620 595 1676 cemui:

280 1695 316 1752 Et
337 1696 486 1771 antiquum
512 1698 718 1761 documentum

279 1776 365 1834 Novo
387 1778 470 1836 cedat
489 1781 572 1838 ritui:

278 1857 405 1917 Praestet
427 1860 499 1918 fides
523 1863 757 1939 supplementum

279 1938 421 1998 Sensuum
442 1942 573 2001 defectui.

278 2100 414 2170 Genitori,
438 2102 601 2180 Genitoque

274 2181 351 2239 Laus
373 2193 401 2239 et
419 2184 559 2258 jubilatio,

275 2262 365 2327 Salus,
387 2263 487 2336 honor,
509 2268 596 2326 virtus
617 2288 735 2347 quoque

276 2342 317 2399 Sit
338 2352 366 2401 et
387 2346 549 2406 benedictio
560 2369 568 2420 ;

273 2422 441 2484 Procedenti
462 2430 499 2486 ab
521 2440 642 2507 utroque

273 2503 400 2582 Compar
422 2509 457 2567 sit
477 2510 611 2570 laudatio.

368 2737 414 2778 AD
435 2739 654 2786 MATUTINUM.

191 2853 283 2910 Sacris
306 2856 451 2917 solemniis
469 2861 568 2934 juncta
588 2864 644 2921 sint
657 2869 771 2939 gaudia,

188 2934 224 2992 Et
245 2954 281 2992 ex
302 2940 475 3010 praecordiis
496 2954 599 3001 sonent
612 2950 783 3019 praeconia;

186 3015 334 3074 Recedant
355 3029 455 3090 vetera,
478 3040 553 3080 nova
574 3025 629 3082 sint
653 3030 761 3094 omnia,

265 3098 369 3170 Corda,
392 3119 484 3169 voces,
506 3113 534 3159 et
555 3122 649 3179 opera.
