1906 3592
306 953 603 1018 PRAEFATIO.

72 1533 101 1582 Nn
114 1539 194 1586 mirum
211 1538 261 1594 tibi,
277 1538 361 1585 Lector
376 1537 493 1592 benevole,
505 1533 617 1593 videatur,
634 1538 747 1599 Hymnus,
759 1553 815 1598 quos
832 1540 855 1584 in

68 1663 157 1711 nauibus
168 1663 247 1718 habes,
260 1671 283 1709 et
298 1661 393 1709 materie
404 1669 506 1708 vetustos
518 1669 540 1707 et
558 1662 617 1717 stilo,
629 1661 743 1710 hodiernis
760 1664 820 1724 typis
832 1673 855 1711 et

67 1781 217 1834 hodiernorum
237 1786 311 1833 favori
331 1801 378 1833 esse
399 1785 580 1833 commendatos.
613 1786 669 1831 Non
689 1786 750 1832 enim
772 1788 812 1834 abs
832 1791 856 1834 te

64 1907 159 1972 exigitur,
171 1917 198 1954 ut
210 1908 317 1981 quicquid
328 1907 365 1953 hic
377 1908 486 1966 scripturn
497 1907 616 1963 inveneris,
628 1907 651 1952 id
667 1908 690 1952 in
702 1907 776 1955 sinum
788 1917 854 1955 tuum

62 2033 146 2092 recipias
158 2031 228 2086 illico,
240 2031 326 2090 absque
338 2029 407 2076 animi
423 2029 468 2075 ulla
480 2029 644 2076 exercitatione
655 2039 695 2076 eut
706 2031 792 2089 judicio
805 2039 854 2077 tuo.

60 2153 132 2215 Neque
144 2154 184 2215 qui
200 2161 277 2199 totum
294 2152 379 2212 quuid
395 2153 441 2198 edit
452 2151 476 2197 in
492 2152 616 2211 publicum,
627 2153 691 2199 illum
702 2162 794 2212 oportet
806 2154 856 2198 uni-

59 2270 109 2315 verri
120 2269 196 2329 operis
207 2268 231 2313 in
245 2267 332 2330 singula
349 2282 452 2327 quaeque
467 2268 549 2327 jurare,
562 2277 601 2315 aut
618 2269 642 2314 in
658 2284 733 2316 rerum
751 2269 854 2329 squalore

57 2389 169 2438 immorari
180 2389 242 2450 quod
253 2390 277 2435 in
292 2390 428 2449 antiquitate
439 2398 547 2437 versatur.
580 2391 632 2437 Alia
649 2391 756 2438 nimirum
768 2402 819 2440 sunt
831 2394 855 2440 in
877 2436 881 2443 .

56 2515 207 2562 monumentis
219 2521 322 2560 veterum
333 2514 439 2574 simplicis
455 2530 483 2560 ac
494 2514 602 2574 pristinae
618 2525 713 2564 naturae
724 2517 837 2564 elementa
847 2536 853 2575 ;

53 2650 141 2696 prorsus
153 2635 215 2682 aliud
226 2643 358 2681 concretum
370 2635 458 2691 vitium,
470 2644 493 2682 et
505 2637 581 2683 sordes
593 2645 730 2697 temporum.
758 2637 853 2686 Cordati

52 2771 129 2809 autern
140 2760 241 2808 hominis
258 2769 299 2815 est,
310 2775 384 2820 neque
400 2761 503 2807 obsoleta
520 2775 562 2820 pro
579 2741 664 2820 priscis,
675 2776 718 2808 nec
734 2763 852 2824 peregrina

51 2899 90 2944 pro
103 2884 166 2930 falsis
178 2882 269 2929 habere.

82 3009 154 3069 Qrod
175 3008 267 3068 quidem
284 3008 373 3068 optimo
391 3009 485 3056 consilio
502 3018 579 3056 actum
597 3016 630 3054 est
646 3008 703 3054 olim
721 3023 733 3054 a
750 3007 852 3069 patribus
