1906 3592
137 246 192 304 152
324 228 364 288 In
384 228 538 288 Naavaate
557 226 595 287 B.
616 226 744 286 Manae.

463 516 552 580 Sam.
577 520 606 580 8.
724 539 727 546 ·

176 675 220 752 in
249 691 513 751 nnrrvmnrn
540 690 706 750 BEATAE
734 691 929 770 nnana

439 818 635 882 vrnomls.

367 1043 413 1085 sn
434 1040 587 1097 orrrcron
609 1041 704 1086 noer.

178 1195 274 1253 Laetis
295 1206 369 1276 terra
390 1204 473 1253 sonet
492 1194 658 1269 plausibus:
687 1194 753 1252 huic
775 1194 833 1253 Dei

179 1276 272 1334 Mater
293 1275 386 1355 Virgo
406 1276 505 1347 datum
534 1293 652 1333 munere
674 1293 733 1351 quo
753 1293 832 1334 nova

180 1359 217 1414 Se
238 1375 333 1414 rerum
354 1356 441 1415 facies
462 1357 590 1432 protinus
612 1358 708 1426 exerit,

260 1437 374 1496 Mundo
394 1456 452 1513 pax
472 1437 544 1495 redit
565 1455 657 1495 aurea.

180 1599 263 1658 Haec
284 1608 327 1658 est
347 1598 394 1656 illa
415 1593 528 1671 domus,
549 1617 607 1676 qua
627 1600 708 1657 Deus
729 1599 841 1657 advena

180 1679 215 1737 In
235 1681 316 1738 terris
336 1680 453 1750 habitat,
476 1682 563 1755 digna
582 1680 649 1738 Deo
670 1682 791 1751 domus3

180 1761 338 1837 Templum
358 1762 476 1836 grande,
498 1763 552 1820 sibi
573 1762 652 1837 quod
672 1762 789 1837 propria
809 1780 902 1821 manu

262 1837 399 1902 Summ'us
420 1843 547 1901 condidit
567 1843 685 1903 Artifex.

180 2005 284 2063 Aureis
305 2022 371 2062 area
391 2015 472 2062 vetus
493 2003 601 2062 fulserit
621 2005 748 2080 undique

183 2086 342 2144 Scintillans
363 2085 457 2143 radiis
501 2085 584 2143 Haec
605 2104 708 2143 vacuas
730 2086 834 2144 decent

182 2166 324 2225 Umbras:
353 2167 469 2224 interior
490 2165 624 2224 Numinis
645 2167 734 2241 ipsius

263 2247 369 2304 Arcam
390 2247 523 2306 nobilitas
544 2247 634 2306 decet.

183 2407 252 2465 Non
273 2407 319 2465 hie
339 2426 446 2466 manna
466 2409 540 2479 latet,
562 2408 662 2484 legifer
683 2419 731 2466 aut
752 2410 834 2485 lapis,

183 2488 252 2545 Non
273 2507 369 2546 ramus
390 2490 506 2548 sterilis:
536 2490 589 2548 flos
611 2491 686 2564 viget
706 2490 752 2548 hic
774 2490 854 2551 ferax

182 2568 343 2640 Virtutum;
373 2589 453 2628 sacer
473 2571 519 2629 hic
540 2572 622 2646 panis
643 2571 733 2629 homo
753 2571 853 2643 Deus;
871 2580 885 2607 ⁴

265 2649 323 2708 Hic
344 2651 415 2726 legis
436 2653 539 2710 residet
561 2652 651 2710 dator.

184 2811 226 2868 Sit
246 2810 308 2870 laus
329 2830 443 2871 summa
464 2813 547 2883 Patri,
570 2831 740 2889 summaque
761 2813 851 2873 Filio:

182 2892 345 2950 Amborum
366 2895 402 2951 sit
422 2894 499 2951 idem
521 2894 636 2969 Spiritui
658 2896 754 2965 decus,

183 2971 303 3031 Arcanis
324 2973 448 3031 habilem
469 2975 518 3049 qui
538 2974 695 3033 thalamum
716 2976 814 3035 modis

263 3053 378 3113 Christo
399 3065 548 3129 praeparat
568 3054 681 3131 hospiti.
