1950 3600
331 232 370 293 In
390 232 447 292 Die
466 233 639 292 pentecostes.

208 396 343 456 Accende
364 397 461 455 lumen
482 397 621 463 sensibus
704 409 705 413 ’

210 479 332 537 infunde
353 496 482 536 amorem
502 479 646 550 cordibus,

208 559 325 618 Infirma
344 561 435 618 nostri
455 561 584 635 corporis

208 639 317 700 Virtute
339 642 456 699 finnans
476 643 596 717 perpeti.

208 803 341 863 Hostem·
353 804 474 879 repellas
494 804 617 879 longius,

208 884 369 962 Pacemque
391 885 483 944 dones
504 887 658 960 protinus?

208 964 333 1025 Ductore
355 968 395 1025 sic
416 977 444 1025 te
465 968 589 1042 praevio,
614 990 616 995 ·

207 1047 337 1107 Vitemus
358 1066 446 1106 omne
467 1049 594 1106 noxium.

206 1209 258 1268 Per
278 1220 306 1268 te
328 1211 452 1269 sciamus
473 1210 511 1268 da
533 1210 655 1275 Patrem,

206 1290 369 1350 Noseamus
391 1301 477 1366 atque
498 1292 609 1361 Filium,

205 1372 249 1431 Te
271 1374 417 1449 utriusque
440 1372 576 1448 Spiritum

205 1453 363 1513 Credamus
385 1455 465 1512 omni
486 1464 625 1530 tempore.

204 1616 244 1673 Sit
264 1617 326 1675 laus
348 1615 439 1687 Patri;
468 1615 530 1675 laus
551 1617 640 1687 Fili0;

203 1697 257 1755 Par
277 1699 313 1756 sit
333 1698 385 1756 tibi
406 1698 476 1768 laus,
499 1698 628 1774 Spiritus,

201 1779 324 1837 Afflante
345 1797 404 1855 quo
425 1789 537 1837 mentes
558 1781 646 1838 sacris

200 1859 311 1920 Lucent
332 1871 360 1919 et
380 1862 480 1920 ardent
501 1861 624 1935 ignibus,

274 2234 320 2276 AD
341 2230 505 2277 SECUNDAS
527 2233 688 2277 VESPERAS.

159 2437 225 2508 Quo
246 2455 298 2494 vos
320 2435 451 2511 Magistri
472 2436 570 2511 gloria,
592 2453 651 2512 quo
671 2436 748 2495 salus
813 2478 816 2486 ,

158 2518 259 2576 Invitat
280 2519 365 2582 orbis,
388 2527 486 2575 saneta
506 2517 618 2582 cohors,
639 2515 694 2574 Dei

157 2598 269 2657 Portate
288 2597 424 2656 verbum:
452 2616 504 2656 vos
524 2598 648 2673 reposcit

154 2679 249 2738 Prima
270 2698 362 2755 seges
384 2679 432 2755 pia
452 2697 520 2737 cura
539 2676 664 2737 fratrum.

155 2842 247 2901 Proh!
276 2852 384 2918 quanta
404 2842 506 2900 messis
527 2841 656 2916 protinus
677 2841 784 2900 extitit!

156 2923 215 2981 Ter
236 2924 312 2981 mille
334 2925 453 2981 verbum
475 2923 639 2998 concipiunt
660 2923 726 2980 viri:

155 3004 278 3081 Deoque
299 3014 469 3074 maturante,
490 3004 612 3061 reddunt

153 3085 352 3162 Multiplicem,
373 3083 452 3143 bona
473 3095 553 3154 terra,
575 3081 707 3142 fructum.
904 3014 959 3376 J
