1906 3592
128 244 163 302 72

336 226 376 283 In
395 224 542 284 Domzin'ca
562 225 721 289 Passionis.

245 384 292 446 Ab
312 390 390 452 orbe,
411 384 489 464 Jesu,
511 389 629 448 condito

245 470 366 529 Occisus
386 469 496 544 Agnus,
517 489 594 541 punc
615 470 694 530 Patri

243 552 347 610 Priscis
367 551 565 609 adumbratam
587 554 676 612 sacris

245 633 337 691 Ardes
358 632 437 690 litare
457 632 609 690 victimam.

245 795 285 852 At
298 812 348 852 cur
368 794 448 851 humi
468 803 570 853 stratus
589 796 692 870 jaces?

247 874 321 946 Quis
341 876 394 933 iste
414 877 568 934 moerentis
589 879 703 952 pavor?

247 956 320 1027 Quis
340 957 393 1014 iste
415 956 464 1031 qui
484 966 545 1014 toto
566 957 628 1016 fluit

248 1037 342 1095 Sudor
362 1047 494 1095 cruentus
514 1040 658 1112 corpore?

247 1199 335 1257 Hunc
355 1199 397 1256 vis
418 1200 524 1257 doloris
547 1201 690 1275 exprimit,

247 1280 415 1355 Horrorque
435 1290 505 1339 teter
526 1281 698 1339 criminum:

247 1362 334 1420 Vices
355 1372 509 1420 nocentum
531 1362 684 1428 sustinens,

248 1444 324 1500 Iram
344 1443 511 1502 reformidas
533 1442 631 1501 Patris

248 1605 293 1662 Te
313 1614 397 1662 terret
418 1606 547 1680 objectus
568 1605 659 1663 calix:

245 1686 284 1742 At
305 1686 358 1750 ille,
380 1687 410 1742 ni
430 1696 523 1744 totum
543 1686 634 1751 bibas,

243 1767 297 1824 Per
318 1768 490 1842 sempiterna
509 1785 563 1825 nos
584 1777 684 1825 manet

247 1848 464 1907 Exhauriendus
486 1847 590 1907 secula,

244 2011 349 2069 Vincet
368 2028 503 2085 pavorem
523 2012 645 2081 caritas;

246 2093 350 2150 Vincet
370 2093 499 2150 voluntas
520 2093 627 2167 patria:

246 2173 351 2231 Temet
371 2174 511 2248 potestati,
533 2168 621 2237 Deus,

247 2253 352 2312 Tradis
373 2256 552 2312 tenebrarum
573 2254 683 2312 volens.

245 2416 284 2472 Et
302 2418 362 2492 jam
384 2417 510 2492 flagellis,
531 2418 642 2487 ictibus,

245 2497 396 2567 Ludibdis,
418 2499 514 2573 spiniS,
536 2500 620 2568 cruci,

245 2579 397 2637 Piacularis
417 2579 517 2648 hostia,

246 2660 342 2719 Voves
364 2661 540 2719 adorandum
562 2670 657 2734 caput.

247 2824 306 2894 Qui
327 2824 429 2881 Filium
449 2822 541 2892 tradit,
563 2821 647 2891 Patri,

247 2904 380 2980 Natoque
402 2905 437 2962 sit
458 2904 519 2960 laus
539 2902 670 2960 victimae
681 2921 690 2971 ,·

246 2984 300 3043 Par
321 2987 356 3043 sit
376 2986 427 3042 tibi
448 2985 516 3053 laus,
538 2983 588 3057 qui
609 3000 720 3040 sacram

246 3065 401 3124 Succendis
422 3082 509 3132 aram,
532 3063 660 3136 Spiritus.
