1906 3592
152 270 191 330 70

362 251 400 311 In
420 251 502 311 Festo
524 249 558 322 Q.
579 249 749 327 Plagarum.

275 448 340 506 Nos
361 445 542 522 sempiternis
563 463 634 503 crux
654 455 705 504 tua

275 529 303 588 O
324 527 445 598 Christe,
467 527 591 584 flammis
613 527 702 584 eruit:
747 520 750 525 ’

275 610 333 667 Ηίο
354 627 404 666 ure
426 608 538 678 vindex,
559 607 605 665 hic
627 626 704 678 seca,

275 691 379 749 Parcas
400 691 430 747 in
450 699 596 748 aeternum
616 689 717 748 modo.

275 852 352 911 Caro
372 851 523 921 reclamat;
545 851 596 909 sed
617 849 708 909 Patn's

277 934 368 1009 Urget
388 933 535 991 voluntas:
554 950 608 991 nos
629 942 683 1002 tua

279 1015 390 1072 Virtute
412 1014 449 1071 da
469 1012 555 1071 fortes
576 1014 666 1088 sequi,

277 1095 356 1173 Jesu‚
377 1095 457 1171 quod
477 1094 611 1169 exemplo
633 1095 731 1153 doces,

279 1259 380 1316 Livore
402 1265 517 1315 sanatos
537 1266 595 1326 tuo,

280 1339 404 1413 Tuoque
425 1338 499 1395 lotos
521 1337 668 1412 sanguine,

279 1420 431 1478 Peccando
451 1437 489 1476 ne
509 1435 614 1475 novam
635 1418 712 1475 sinas

281 1500 383 1559 Parare
404 1518 458 1558 nos
479 1499 530 1556 tibi
550 1517 672 1557 crucem.

282 1663 341 1734 Qui
362 1661 465 1719 Filium
485 1661 577 1732 tradit,
599 1659 683 1731 Patri,

282 1743 417 1817 Natoque
439 1742 474 1800 sit
494 1742 556 1800 laus
576 1741 706 1798 victimae
730 1762 736 1798 :

282 1824 337 1883 Par
358 1825 393 1882 sit
413 1824 464 1881 tibi
485 1823 555 1894 laus,
577 1823 626 1898 qui
647 1840 759 1881 sacram

283 1904 438 1964 Succendis
461 1922 548 1975 aram,
571 1903 700 1980 Spiritus.

464 2229 510 2271 AD
531 2229 666 2273 LAUDES.

243 2444 326 2515 Quae
347 2451 376 2499 te
396 2457 449 2515 pro
470 2439 569 2514 populi
590 2439 756 2498 criminibus
777 2459 853 2500 nova

244 2525 394 2582 Insontem
414 2531 547 2596 properat
568 2521 686 2595 perdere
708 2522 833 2581 caritas?

245 2605 324 2676 Quid
344 2621 404 2660 non
425 2619 478 2677 pro
498 2601 603 2659 misera
623 2612 709 2676 gente
729 2603 783 2661 luis
805 2605 905 2663 volens

325 2684 429 2741 Factus
450 2683 564 2740 victima
585 2682 738 2740 Pontifex?

245 2847 325 2904 Clavi
346 2845 395 2920 qui
414 2845 563 2919 geminum
583 2845 780 2920 transadigunt
801 2849 918 2921 pedem,

247 2927 382 3002 Captivos
402 2925 506 3000 laqueo
528 2927 676 2984 daemonis
697 2937 814 2997 eruunt;

182 3082 184 3089 Ι
247 3007 473 3080 Transfixaeque
494 3025 596 3064 manus
618 3008 763 3064 excutiunt
783 3018 874 3079 vetus,

327 3086 396 3158 Quo
416 3086 540 3144 mundus
561 3087 706 3160 premitur,
724 3089 836 3163 jugum.
