1906 3592
131 239 169 305 84
342 231 382 289 In
401 231 563 290 Ascenszone
583 190 710 294 Domtiu'.
781 243 787 256 “

250 395 331 452 illinc
352 394 476 452 adornas
497 404 524 452 et
545 395 626 454 foves

250 476 409 536 Ecclesiam
431 493 554 550 sponsus
576 487 675 550 tuam;
729 532 734 541 .

248 558 424 632 Cunctisque
445 558 533 615 vitam
554 559 664 631 dividis,

250 639 348 697 infusa
369 657 422 696 ceu
442 657 534 707 mens,
556 642 682 700 artubus.

250 802 330 860 lilinc
351 811 394 858 tot
415 800 487 857 inter
507 802 613 875 praelia

143 928 146 932 ‚
249 882 458 941 Periclitantem
480 883 620 957 sustines3
710 891 713 899 '

248 965 309 1023 Das
330 963 459 1021 militanti
479 963 600 1034 vincere,

249 1046 379 1104 Palmam
400 1045 585 1119 triumphanti
606 1064 701 1121 paras.

248 1209 324 1280 Quo,
347 1208 467 1280 Christe,
489 1210 637 1286 praecedis
659 1221 756 1284 caput,

247 1290 315 1348 Huc
337 1292 479 1367 integrum
500 1309 603 1364 corpus
625 1309 729 1350 vocas:

246 1372 383 1447 Vestigiis
404 1374 498 1430 tritam
519 1372 574 1429 tuis

244 1453 302 1512 Fac
323 1456 454 1512 membra
475 1463 617 1512 sectentur
638 1453 722 1510 viam.

244 1617 303 1687 Qui
325 1617 413 1673 victor
434 1617 471 1674 ad
492 1617 605 1677 coelum
626 1617 711 1686 redis,

242 1696 320 1773 jesu,
342 1698 393 1754 tibi
415 1699 450 1755 sit
471 1699 569 1773 gloria,

243 1778 319 1836 Cum
341 1779 432 1848 Patre,
455 1799 578 1855 cumque
602 1777 715 1853 Spiritu,

242 1860 276 1916 In
298 1861 472 1937 sempiterna
493 1862 595 1920 secula.

349 2218 396 2260 AD
417 2217 569 2262 OFFICIUM
594 2217 688 2266 Nocr.

200 2401 354 2471 Promissa,
376 2404 466 2474 tellus,
488 2405 608 2477 concipe
630 2405 753 2478 gaudia;

200 2483 244 2540 Te
265 2482 358 2540 fausta
378 2485 459 2542 coelo
481 2485 612 2542 conciliat
634 2485 711 2543 dies:
810 2489 815 2497 '

198 2565 278 2622 Deus
299 2573 441 2622 tumentes
462 2577 551 2640 ponet
572 2566 643 2622 iras:

198 2645 302 2703 Sancta
322 2655 387 2704 tuus
409 2646 553 2706 Mediator
574 2648 664 2704 intrat.

198 2807 254 2877 Tu,
276 2807 396 2878 Christe,
418 2808 506 2866 victor
527 2810 626 2867 mortis
648 2818 675 2867 et
696 2807 786 2876 inferi,

198 2888 306 2947 Cruore
328 2900 439 2965 partam
461 2891 574 2965 suscipe
595 2891 732 2965 gloriam:

195 2970 331 3040 Procede,
353 2989 449 3044 regna,
471 2989 553 3028 sume
575 2981 733 3044 sceptrum:

197 3050 348 3125 Subjicitur
368 3051 418 3108 tibi
439 3060 515 3109 totus
537 3052 622 3110 orbis.
