1950 3600
290 271 521 345 Presbyterorum.
749 276 804 346 187

164 436 243 514 jesu,
265 434 453 494 Sacerdotum
474 433 570 503 decus,
642 436 645 442 '

169 517 252 595 Jugis
272 517 324 574 tibi
345 517 380 574 sit
400 515 499 592 gloria,

168 599 245 658 Cum
265 598 357 667 Patre,
377 614 502 671 cumque
523 594 636 672 Spirim‚

168 681 204 737 In
225 679 398 755 sempiterna
419 678 522 736 secula.

236 1011 281 1054 AD
304 1009 457 1054 OFFICIUM
479 1009 575 1054 NOCT.

89 1237 154 1314 Jam
177 1237 244 1296 satis
265 1236 346 1293 fluxit
366 1253 450 1294 cruor
468 1235 636 1305 hostiumn,

89 1319 227 1378 Pristinae
249 1328 362 1376 cessent
382 1317 551 1376 holocausta
570 1317 659 1392 legis;

89 1401 209 1469 Christe,
231 1395 304 1474 quos
325 1398 441 1469 formas
462 1399 580 1457 meliora
601 1398 689 1456 libant

171 1481 259 1539 Sacra
279 1480 407 1538 ministri.

88 1643 171 1700 Elicit
191 1643 323 1700 flammas
344 1641 421 1700 Elias
442 1643 479 1699 ab
501 1642 567 1710 alto,

89 1724 186 1799 Mysta
206 1741 281 1782 nunc
302 1724 395 1799 major
413 1724 501 1799 jubet,
522 1733 552 1780 et
572 1722 682 1797 potenti

89 1804 261 1881 Obsequens
281 1805 370 1862 verbo
390 1803 471 1862 Deus
492 1806 586 1863 adstat
606 1803 669 1872 aris,

170 1886 276 1944 Hostia
296 1885 396 1955 factus

91 2048 200 2123 Pingue
221 2048 353 2117 libamen,
375 2065 467 2105 novus
488 2057 516 2105 et
538 2047 687 2114 Sacerdos,

91 2129 170 2187 Orbe
189 2131 249 2204 jam
270 2139 331 2186 toto
352 2128 433 2186 Deus
454 2128 632 2185 immolatur:

91 2210 128 2268 Se
148 2228 237 2267 manu
257 2220 355 2268 nostra
375 2210 435 2267 litat
455 2210 603 2267 incruento

172 2290 283 2348 Funere
305 2291 444 2349 Christus.

92 2452 163 2512 Tale
185 2454 224 2510 nil
244 2454 345 2528 priscis
366 2453 497 2511 Patribus
518 2452 662 2521 tributum,

91 2534 210 2610 Angelis
230 2552 374 2610 nusquam
396 2535 463 2591 data
482 2552 534 2608 par
555 2542 701 2609 potestas:

96 2616 132 2674 Se
153 2633 242 2681 manu
263 2626 361 2673 nostra
380 2614 462 2672 Deus
483 2616 545 2690 ipse
566 2614 676 2672 cunctis

171 2697 293 2755 Praebet
314 2697 344 2753 in
364 2714 474 2771 escam..

94 2858 213 2929 Christe,
236 2860 280 2917 fac
302 2877 417 2934 semper
437 2869 486 2919 tua
507 2874 587 2914 sacra
608 2873 681 2930 puro

94 2938 189 2997 Corde
210 2951 372 3009 tractemus,
394 2939 584 3013 manibusque
604 2937 683 3011 puris
694 2956 702 3006 ;

95 3019 205 3078 Caritas
227 3031 310 3097 aptos
331 3033 380 3079 tua
400 3038 455 3078 nos
476 3019 632 3077 tremendis

174 3102 308 3176 Applicet
328 3103 392 3159 aris.
812 2968 905 3376 J
