1906 3592
171 255 227 310 188

450 256 684 331 Presbyterorum.

248 413 378 476 Luminis
400 418 543 494 splendor,
565 420 656 479 Patris
677 439 736 479 una
755 421 860 496 proles,

248 497 370 568 Christe,
392 509 419 557 te
440 518 549 575 pronus
570 513 719 560 veneretur
739 503 825 573 orbis,

249 577 308 649 Qui
331 582 492 639 sacerdotes
513 599 566 657 per
585 584 703 642 Amoris
724 585 792 642 almi

227 727 230 730 ⁴
329 658 449 720 Flamen
470 664 593 738 inungis

465 948 512 990 ΑΙ)
534 947 668 990 LAUDES·

248 1143 276 1201 Ο
298 1143 485 1201 Sacerdotum
505 1139 667 1198 veneranda
686 1139 765 1215 jura!

247 1224 310 1283 Ceu
331 1225 406 1281 vices
429 1223 533 1280 Christi
553 1231 678 1291 teneam,-
700 1221 798 1278 salutis

246 1305 360 1376 Arbitri,
381 1305 523 1372 claudunt,
544 1313 727 1377 reserantque
748 1301 833 1358 nobis

328 1386 409 1445 Atria
429 1385 509 1443 coeli.

248 1548 344 1606 Omne
367 1548 524 1624 pendentes
546 1547 639 1604 scelus
660 1547 689 1603 in
711 1554 815 1603 statera

248 1630 324 1687 Cum
346 1648 426 1687 reum
447 1629 568 1697 solvunt,
589 1626 670 1684 Deus
691 1627 752 1701 ipse
774 1626 872 1696 solvit;

247 1711 324 1768 Cum
344 1712 433 1786 ligant
454 1720 576 1778 sontem,
596 1707 677 1765 Deus
699 1708 761 1781 ipse
783 1709 873 1766 sontis

328 1791 452 1850 Vincula
473 1791 568 1848 nectit

247 1954 344 2025 Quam
366 1973 468 2011 manus
489 1954 597 2010 morbis
618 1951 753 2010 adhibent
774 1955 894 2028 peritas!

246 2037 323 2094 Cum
344 2046 449 2101 secant,
472 2053 585 2111 semper
606 2035 653 2110 pia
674 2033 774 2090 dextra
795 2038 902 2107 caedit;

246 2118 322 2175 Cum
343 2118 447 2186 fovent,
470 2135 583 2190 semper
603 2117 651 2192 pia
671 2115 738 2171 lenit
759 2132 871 2189 ungens

329 2198 455 2256 Vulnera
476 2200 583 2256 dextra.

248 2359 345 2417 Verba
365 2361 435 2417 dum
456 2372 600 2435 promunt,
621 2364 745 2436 populos
767 2361 857 2424 fidelis

248 2441 362 2517 Excipit
382 2460 492 2511 vocem,
514 2441 635 2518 cupidus
657 2442 770 2516 doceri;

249 2520 365 2597 Nempe
387 2523 498 2580 divinae
520 2541 601 2581 sacra
621 2527 707 2582 verba
728 2519 799 2602 legis

333 2603 433 2661 Mente
454 2605 621 2663 recondunt.

250 2767 367 2824 Irruens
388 2765 514 2841 prompti
536 2767 669 2824 cohibere
691 2767 810 2838 fulmen,

249 2849 331 2905 Stant
351 2849 388 2904 ab
409 2848 537 2917 adverso
559 2847 776 2925 Dominumque
798 2850 858 2926 pla·

384 2938 394 2985 l

249 2947 438 3067 Vindiecaell’in
458 3024 513 3064 nos
534 3009 647 3083 quoties
668 3011 706 3068 ab
727 3010 785 3068 alto

328 3089 447 3165 Depluit
467 3088 531 3145 iras.
