1906 3592
356 609 401 651 AD
423 607 576 652 OFFICIUM
600 609 696 652 Nocr.

165 793 232 870 Jam
253 812 338 864 nunc,
359 812 433 869 quae
454 811 588 852 numeras
608 804 650 852 tot
671 795 722 851 tibi
742 794 877 864 vindices

168 875 246 933 Effer
267 875 419 945 sidereum,
442 875 573 950 Relligio,
595 886 697 950 caput3

168 956 247 1027 Quot
269 968 334 1014 sunt
354 966 433 1015 mota
453 956 504 1014 tibi
524 957 639 1031 praelia,
660 957 772 1016 nobiles

249 1036 309 1095 Tot
330 1039 419 1096 nectis
440 1039 491 1095 tibi
512 1037 630 1096 laureas.

169 1199 245 1256 Cum
266 1218 317 1274 per
337 1199 414 1256 mille
435 1218 520 1257 neces
541 1201 672 1275 impietas
693 1200 768 1270 furit,

136 1276 139 1282 ’
169 1279 304 1354 Opponis
325 1280 419 1337 valido
439 1291 555 1356 pectore
577 1279 738 1356 Martyres;

169 1361 245 1418 Cum
265 1379 317 1436 per
337 1361 413 1418 mille
435 1362 517 1420 dolos
539 1361 644 1436 decipit
664 1362 800 1432 haeresis,

248 1442 390 1500 Doctores
411 1443 461 1500 tibi
483 1443 609 1500 suscitas.

170 1602 297 1673 Quando
319 1621 418 1679 sparsa
438 1604 499 1662 lues
518 1605 646 1680 undique
667 1605 829 1675 criminum,

171 1683 212 1740 Hi
232 1684 355 1758 gliscens
376 1685 474 1742 vitium
495 1686 624 1761 protinus
644 1696 810 1762 amputant:
881 1725 884 1733 -

171 1764 297 1835 Quando
317 1766 439 1839 plurima
459 1784 518 1823 nox
539 1767 682 1825 mentibus
704 1767 829 1837 incubat,

251 1845 291 1902 Hi
312 1847 430 1921 plenum
450 1847 587 1905 revehunt
609 1847 694 1906 diem.

171 2007 298 2066 Firmant
319 2009 472 2078 instabiles,
494 2002 521 2066 et
543 2008 645 2067 dubios
666 2020 786 2085 regunt:

172 2087 334 2147 Monstrant
354 2101 414 2148 tuta
435 2090 534 2165 procul
555 2091 648 2148 littora
668 2091 830 2166 naufragis:

171 2169 273 2239 Nobis,
295 2172 344 2246 qui
365 2171 494 2228 vehimur
514 2190 600 2229 caeca
620 2191 672 2246 per
692 2190 827 2247 aequora,

252 2251 363 2310 Lucent
384 2262 537 2327 perpetuae
558 2252 644 2312 faces.

172 2413 255 2484 Quae
277 2415 373 2472 dixere
394 2415 449 2471 tuis
471 2432 599 2473 consona
620 2415 759 2484 sensibus,

172 2493 285 2553 Nostris
307 2496 360 2565 illa,
382 2494 471 2564 Deus,
493 2497 627 2554 cordibus
648 2497 813 2571 imprimas:

171 2575 255 2645 Quos
275 2577 356 2635 terris
375 2577 506 2647 colimus,
528 2595 601 2653 quos
624 2578 770 2652 sequimur
792 2579 888 2643 duces,

251 2657 309 2715 Fac
330 2677 384 2716 nos
405 2659 533 2716 moribus
554 2660 676 2734 assequi.

102 2890 105 2896 Ι
172 2818 214 2874 Sit
236 2837 369 2893 suprema
389 2821 439 2878 tibi
460 2820 558 2894 gloria,
580 2821 701 2890 Veritas

171 2898 255 2969 Quae
270 2918 320 2974 per
335 2902 440 2975 scripta
453 2901 578 2970 Panum,
593 2902 709 2977 quando
724 2901 792 2958 foris
807 2921 901 2972 sonaS,

170 2979 257 3038 Nullo
278 2981 356 3039 vocis
377 3000 465 3055 egens
486 2982 574 3039 eorda
595 2983 682 3040 doces
704 2999 785 3051 son0,

250 3062 287 3119 Et
308 3072 335 3119 te
357 3063 501 3120 mentibus
521 3063 629 3120 inseris.
