1950 3600
177 262 216 322 In
235 261 317 322 Festo
337 260 393 322 SS.
415 261 607 325 Innocentiam.

158 428 308 486 Exclamat
329 444 429 485 amens
449 430 567 487 nuntio:

160 510 315 568 Successor
335 509 428 575 instat,
450 510 597 585 pellimur:

160 591 277 649 Satelles
299 591 316 656 i,
338 589 442 648 ferrum
463 609 550 668 rape:

158 672 300 730 Perfunde
321 689 411 730 cunas
433 673 580 748 sanguine.

158 824 237 905 Quid
258 832 370 909 proficit
390 844 501 892 tantum
522 835 623 894 nefas?

156 915 235 986 Quid
256 915 365 973 crimen
386 914 536 974 Herodem
548 916 665 993 juvati*

157 995 241 1054 Unus
261 1005 303 1054 tot
324 997 396 1054 inter
417 997 516 1056 funera
549 1022 552 1027 ’

156 1076 279 1152 Impune
300 1076 431 1136 Christus
452 1080 563 1138 tollitur.

158 1238 235 1316 Jesu,
256 1239 307 1297 tibi
329 1240 364 1298 sit
384 1241 482 1316 gloria,

157 1320 216 1392 Qui
236 1330 320 1379 natus
340 1340 373 1379 es
394 1322 430 1380 de
451 1322 579 1398 Virgine,

154 1402 229 1460 Cum
251 1402 334 1460 Patre
355 1413 383 1460 et
404 1404 481 1462 almo
504 1404 618 1480 Spiritu,

157 1483 191 1540 In
213 1485 386 1564 sempiterna
407 1486 528 1544 saecule

293 1852 338 1898 An
361 1852 494 1901 rnunss.
576 1922 579 1926 Δ

157 2040 267 2099 Salvete
288 2040 373 2100 flores
395 2042 562 2117 Martyrum,

159 2122 242 2194 Quos
263 2121 333 2180 lucis
355 2124 419 2199 ipso
439 2124 469 2180 in
490 2124 596 2182 lumine

138 2213 140 2221 ’
159 2203 262 2262 Christi
283 2204 427 2262 insecutor
448 2205 567 2275 sustulit,

156 2284 218 2343 Ceu
237 2285 321 2343 turbo
342 2296 492 2344 nascentes
512 2305 601 2347 rosas.

155 2446 218 2505 Vos
238 2449 331 2523 prima
353 2448 458 2507 Christi
479 2449 600 2519 victima,

158 2527 235 2586 Grex
257 2530 470 2588 immolatorum
490 2540 577 2599 tener,

155 2611 244 2668 Aram
265 2612 319 2668 sub
340 2612 434 2687 ipsam
456 2612 600 2688 simplices

157 2690 255 2749 Palma
276 2702 304 2750 et
325 2694 439 2752 coronis
459 2692 562 2750 luditis.

156 2854 233 2930 Jesu,
255 2855 305 2911 tibi
327 2855 362 2912 sit
383 2853 482 2928 gioria,

157 2935 215 3006 Qui
236 2946 319 2993 natus
341 2953 372 2993 es
394 2934 430 2992 de
452 2934 578 3009 Virgine,

156 3016 232 3073 Cum
253 3016 335 3074 Patre
357 3026 385 3074 et
406 3016 482 3074 almo
504 3015 618 3093 Spiritu,
643 3040 647 3052 ·

158 3097 192 3153 In
213 3099 385 3174 sempiterna
406 3097 526 3163 saecula.

741 281 794 338 251
