1906 3592
135 220 188 293 136
281 198 368 276 's
388 217 505 277 Maru
525 216 717 313 magdalenes.
801 308 806 313 .

195 340 199 347 '
246 377 332 450 Laus,
354 396 468 439 summa
480 379 565 450 Patri,
586 396 760 459 summaque
781 383 867 442 Filio:

248 461 289 519 Sit
310 479 424 519 summa
443 479 517 537 puro
537 462 599 520 laus
620 478 737 540 quoque
758 463 888 534 Flamini,

247 541 370 600 Affiaute
391 560 450 618 quo
458 540 585 618 *semper
605 544 752 604 calescunt

248 622 395 682 Aethereis
415 624 464 699 pia
484 624 572 682 corda
592 624 726 685 flammis.

359 963 405 1010 AD
425 961 578 1010 OFFICIUM
600 965 696 1010 Nocr.

286 1182 382 1262 Plagis
404 1181 535 1261 Magistri
556 1184 661 1256 saucia,

285 1264 364 1325 Dum
385 1277 497 1326 moesta
517 1267 612 1340 largos
633 1264 767 1324 funderet

286 1345 378 1406 Maria
399 1347 490 1419 fletus,
511 1348 603 1405 acrior

285 1429 399 1488 Revixit
419 1431 448 1487 in
469 1430 570 1506 poenis
587 1445 681 1486 emor.

285 1589 353 1649 Non
374 1593 465 1663 turba,
486 1609 546 1649 non
566 1588 641 1648 vetat
662 1592 756 1649 crucis

284 1667 444 1749 Mortisque
466 1673 544 1731 dirae
565 1671 743 1742 scandalum,

283 1753 360 1810 Inter
380 1754 505 1812 furentes
526 1768 662 1830 quaerere

283 1833 378 1909 Ligno
398 1844 579 1911 peremptum
600 1834 713 1892 milites.

283 1996 358 2066 Quis
379 2006 473 2055 tantus
494 1998 624 2072 ignaram
644 1995 727 2052 labor

283 2077 428 2136 Exercet?
451 2078 614 2136 Extinctam
636 2076 717 2134 doles

284 2159 319 2225 In
339 2169 431 2216 morte
453 2160 555 2216 vitam:
578 2158 647 2234 quid
668 2157 772 2232 gemis,

283 2238 365 2298 Mors
386 2241 450 2314 ipsa
470 2251 537 2298 eum
558 2239 655 2297 victrix
677 2238 778 2296 eadit?

283 2399 329 2458 En
350 2402 396 2467 ille
416 2418 503 2478 quem
523 2402 605 2477 luges
625 2413 735 2470 amans,

281 2481 420 2541 Praesens
441 2488 588 2558 resumpto
609 2482 739 2557 corpore,

283 2561 367 2621 Notis
389 2574 534 2622 amantem
555 2574 582 2622 te
603 2563 694 2621 redux
765 2604 771 2617 ,

281 2642 406 2704 Primam
429 2645 530 2704 salutat
550 2646 677 2703 vo'eibus.

281 2804 308 2864 Ο
330 2808 353 2864 si
374 2808 474 2865 beatos
495 2810 620 2882 tangere,

281 2886 308 2944 Ο
330 2888 470 2957 εἰφεηεῑε
491 2888 534 2946 fas
556 2888 672 2962 pedesi

278 2966 335 3024 Sed
356 2967 402 3026 hic
422 2969 555 3044 perennis
575 2980 635 3025 non·
656 2969 739 3026 datur

279 3047 401 3106 Gustare
423 3050 495 3107 vitae
516 3049 629 3122 gaudia.
