1906 3592
137 263 193 333 382
328 258 368 355 ln
388 257 539 318 Domaiu‘ca
560 261 590 316 in
611 262 730 318 Palmis.

268 582 312 639 IN
334 582 545 641 DOMINICA
567 583 612 640 IN
634 582 812 641 PALMIS*.

137 811 244 879 Gloria,
254 810 324 879 laus,
334 820 362 867 et
371 810 464 868 honor
475 810 526 867 tibi
537 810 573 868 sit
582 829 632 868 rex
642 810 755 869 Christe
766 810 933 884 redemptor:

177 891 232 948 Cui
253 892 361 965 puerile
383 893 471 950 decus
492 893 635 967 prompsit
657 892 801 950 Hosanna
820 892 907 965 pium.

136 1053 224 1111 lsrael
245 1071 277 1109 es
298 1061 330 1109 tu
352 1053 425 1123 Rex,
447 1053 571 1112 Davidis
592 1064 620 1111 et
642 1055 748 1129 inclyta
768 1053 880 1128 proles:

177 1134 304 1191 Nomine
326 1136 375 1209 qui
397 1135 516 1192 Domini
536 1154 586 1192 rex
607 1136 759 1193 benedicte
781 1135 867 1191 venis

137 1215 243 1283 Gloria,
265 1216 314 1272 bc.

135 1377 243 1434 Coetus
265 1377 293 1432 in
315 1378 435 1436 excelsis
457 1388 484 1435 te
506 1378 602 1436 laudat
623 1377 749 1435 coelicus
770 1379 874 1447 omniS,

176 1458 212 1515 Et
233 1458 360 1516 mortalis
382 1460 479 1530 homo,
501 1470 530 1517 et
551 1469 654 1517 cuneta
675 1469 771 1516 creata
792 1460 885 1515 simul.

135 1539 243 1608 Gloria,
264 1540 314 1625 lic.

134 1702 217 1760 Plebs
240 1700 376 1757 Hebraea
396 1701 447 1757 tibi
468 1720 534 1759 cum
554 1703 658 1777 palmis
680 1702 764 1759 obvia
786 1716 877 1759 vemt:

133 1782 250 1919 GlCum
271 1799 365 1856 prece,
387 1792 462 1852 voto,
485 1783 607 1858 hymnis,
629 1784 767 1840 adsumus
789 1802 855 1840 ecce
878 1785 934 1840 tibi.

172 1865 239 1931 oria,
261 1865 311 1920 lic.

134 2024 174 2079 Hi
196 2025 245 2079 tibi
267 2043 387 2098 passuro
409 2026 556 2082 solvebant
576 2026 675 2083 munia
695 2027 803 2083 laudis:

174 2105 236 2161 Nos
258 2106 307 2161 tibi
328 2107 458 2180 regnanti
480 2107 632 2181 pangimus
654 2125 722 2164 ecce
744 2107 843 2164 melos

134 2186 240 2255 Gloria,
262 2187 311 2242 lte.

133 2347 173 2402 Hi
194 2349 326 2422 placuere
349 2349 406 2418 tibi,
427 2350 538 2423 placeat
560 2349 674 2406 devotio
696 2361 810 2406 nostra:

172 2428 236 2485 Rex
246 2429 330 2498 bone,
342 2448 390 2486 rex
403 2431 537 2499 clemens,
549 2430 594 2488 cui
605 2430 682 2486 bona
694 2442 796 2488 cuncta
811 2432 930 2506 placent.

131 2509 237 2578 Gloria,
259 2511 308 2567 lte.

326 2648 339 2675 *
350 2648 454 2708 Hymnus
472 2665 485 2694 e
502 2649 590 2696 Missali
607 2649 724 2696 Romano.
