1950 3600
279 240 317 300 In
338 241 485 301 Domziu'ca
505 241 658 301 Passionis.
832 259 867 317 71

154 420 297 480 obstetrix
318 423 431 497 penitus
446 422 545 480 lancea
565 422 697 497 perforat,

154 500 220 572 Quo
241 521 295 560 nos
316 503 458 578 parturiat,
479 514 579 579 pectus
600 504 739 562 amabile:

154 583 219 641 Hoc
241 602 315 658 quae
335 584 414 642 fonte
435 585 503 654 fluit,
525 602 579 643 nos
600 603 682 662 aqua,
697 603 750 644 nos
771 604 861 656 cruor,

234 664 329 735 Sanat,
351 666 458 736 liberat,
479 666 577 724 abluit.

155 828 182 888 Ο
203 828 275 888 vitae
296 828 402 898 laticeS,
423 829 516 886 vivida
537 829 672 886 flumina!

156 910 182 968 Ο
203 927 299 969 sacros
320 910 413 967 aditus
433 911 557 985 pectoris
578 910 687 967 intimi!

156 990 183 1050 Ο
202 1003 298 1068 petrae
320 991 427 1049 solidae
446 1001 507 1048 tuta
527 991 682 1048 foramina!

234 1073 263 1132 Ο
283 1072 377 1130 cordis
397 1072 567 1147 penetralia!

158 1234 200 1292 Te
213 1237 238 1293 si
258 1244 363 1304 nostra,
384 1233 476 1304 Pater,
497 1235 616 1292 crimina
635 1245 800 1311 provocant,

159 1315 222 1374 Nati
244 1333 324 1374 sacra
344 1315 445 1372 lubens
465 1315 581 1372 vulnera
601 1317 719 1391 respice,

160 1396 231 1455 Cum
252 1407 349 1454 noster
369 1396 476 1454 laceras
497 1397 612 1472 objiciet
632 1397 687 1454 tuis

235 1478 329 1554 Judex
350 1477 516 1535 fulminibus
535 1495 646 1535 manus¹

160 1640 212 1700 Fac
233 1659 284 1715 per
304 1657 396 1709 saeva,
418 1638 509 1709 Pater,
531 1640 654 1710 vulnera,
675 1658 727 1715 per
747 1658 853 1703 cruces,

160 1721 203 1780 Sic
224 1732 337 1779 aeterna
357 1730 422 1778 tuos
444 1738 579 1795 quaerere
599 1722 712 1796 gaudia,

160 1801 196 1859 Ut
216 1821 282 1861 cum
304 1802 386 1859 Prole
406 1802 456 1858 tibi
475 1802 586 1877 jugiter,
609 1813 707 1862 actuo

236 1883 372 1941 Reddant
394 1881 509 1959 Spiritui
530 1883 626 1942 decuS.

381 2125 547 2136 ——u—

196 2304 238 2362 IN
260 2303 470 2363 DOMINICA
491 2302 707 2362 PASSIONIS.

296 2451 399 2522 Qut'nta
423 2450 660 2527 Quadragestinae.

293 2678 339 2720 AD
360 2676 477 2720 PRIMAS
500 2676 660 2720 VESPERAS.

199 2831 299 2888 Fando
320 2830 384 2904 quis
405 2829 517 2895 audivit,
539 2829 595 2886 Dei

199 2910 273 2982 Quis
293 2910 402 2985 grande
423 2910 499 2967 dicat
519 2909 686 2967 brachium?

200 2991 332 3050 Perculsa
352 3008 435 3048 mens
456 2990 655 3058 confunditur3

204 3072 303 3149 Stupet
325 3072 404 3135 fides,
426 3089 481 3130 vox
503 3071 605 3129 deficit.
