1906 3592
130 233 189 300 380

330 228 368 286 In
389 229 485 289 Missa
505 231 714 310 Dq‘unctorum.

292 392 425 464 Quantus
446 404 552 452 tremor
572 407 616 454 est
637 397 745 455 futurus

293 474 420 545 Quando
439 477 528 551 judex
550 488 594 536 est
615 489 756 548 venturus,

293 555 404 614 Cuncta
425 559 519 616 stricte
541 559 736 617 discussurus!

292 718 377 776 Tuba
398 721 503 778 mirum
524 739 663 795 spargens
678 741 780 780 sonum

292 799 345 856 Per
366 802 497 876 sepulcra
517 803 678 876 regionum,

293 879 386 956 Coget
408 902 510 941 omnes
531 894 597 941 ante
617 886 758 943 thronum.

292 1041 373 1102 Mors
395 1047 519 1121 stupebit
540 1056 568 1104 et
589 1058 689 1105 natura

293 1123 368 1181 Cum
389 1138 518 1202 resurget
539 1139 667 1186 creatura

289 1204 433 1280 Judicanti
453 1227 634 1284 responsura.

291 1367 377 1425 Liber
398 1371 519 1444 scriptus
540 1371 705 1445 proferetur,

291 1449 326 1506 In
348 1468 407 1525 quo
427 1461 520 1509 totum
541 1453 709 1524 continetur,

289 1528 376 1588 Unde
396 1534 521 1592 mundus
540 1535 690 1609 judicetur.

291 1693 385 1769 Judex
407 1714 477 1771 ergo
498 1715 564 1754 eum
587 1698 705 1767 sedebit,
759 1690 766 1706 ⁴

292 1774 442 1850 Quidquid
463 1778 530 1835 latet
551 1780 707 1853 apparebit,

291 1855 339 1912 Nil
361 1859 481 1916 inultum
502 1861 668 1919 remanebit.

293 2004 372 2074 Quid
394 2025 458 2063 sum
480 2008 566 2064 miser
586 2017 654 2063 tunc
676 2007 822 2063 dicturus?

292 2085 389 2155 Quem
411 2098 563 2162 patronum
585 2089 755 2162 rogaturus?

291 2166 365 2223 Cum
388 2170 433 2225 vix
453 2171 546 2244 justus
567 2171 602 2226 sit
624 2188 748 2226 securus.

291 2315 355 2372 Rex
377 2317 540 2374 tremendae
562 2317 726 2392 majestatis,

292 2396 351 2467 Qui
373 2398 523 2455 salvandos
545 2398 636 2455 salvas
657 2399 753 2472 gratis,
794 2433 798 2440 -

292 2477 373 2535 Salve
395 2498 450 2549 me,
472 2478 537 2536 fons
557 2480 677 2554 pietatis.

292 2627 463 2697 Recordare,
484 2627 554 2703 Jesu
575 2630 631 2703 pie,

292 2708 380 2779 Quod
402 2728 466 2766 sum
487 2725 574 2766 causa
594 2719 659 2767 tuae
681 2709 751 2777 viae,

292 2790 337 2847 Ne
359 2810 406 2848 me
426 2791 531 2866 perdas
552 2791 598 2848 illa
619 2791 673 2848 die.

291 2937 441 3007 Quaerens
462 2957 518 3007 me,
540 2938 637 2995 sedisti
659 2937 767 3005 lassus;

292 3017 452 3076 Redemisti
473 3037 587 3076 erucem
607 3037 726 3093 passus:

293 3096 404 3156 Tantus
425 3099 505 3156 labor
525 3118 584 3157 non
606 3101 640 3157 sit
661 3118 769 3185 cassus.
