1906 3592
263 304 300 377 ,38
492 299 531 359 In
551 296 632 360 chlo
652 296 685 361 S.
698 295 832 378 Joanna's.

424 462 504 523 Tum
524 463 631 522 blanda
649 481 729 522 mors
749 464 868 525 amabili
941 548 944 555 Ι

426 545 466 605 So
506 564 537 604 re
557 545 657 604 clausit
676 546 804 617 lumina;

425 629 452 685 Α
494 627 565 685 lucis
587 637 717 685 aeternae
736 625 829 702 jubar,

426 707 538 767 Exutits
559 718 644 778 arms,
666 708 766 766 evolat

428 870 537 930 Servire
558 867 666 928 mensis
687 887 849 946 pauperum

427 950 463 1010 Id
485 952 612 1010 muneris
633 952 782 1026 quondam
804 954 862 1024 tui;

427 1032 556 1092 Conviva
576 1050 653 1090 nunc
674 1032 779 1108 dignus
799 1033 876 1105 Deo,

428 1112 541 1173 Mensis
563 1114 693 1189 supernis
714 1115 832 1173 assides.

428 1272 477 1333 Tu
498 1270 616 1351 nuptiali
637 1273 804 1350 splendidus

428 1353 486 1415 Tui
507 1354 614 1415 cruoris
635 1371 767 1432 purpura,

429 1438 476 1496 Ad
498 1437 636 1495 immolati
656 1438 813 1497 transvolas

429 1518 582 1577 Admissus
603 1518 681 1594 Agni
701 1515 824 1596 nuptias.

430 1679 510 1751 Quid
530 1697 598 1749 non,
620 1675 710 1752 Deus,
731 1677 755 1738 si
775 1679 903 1757 respicis,

430 1758 569 1818 Humana
588 1771 711 1835 possunt
731 1765 870 1837 pectora?

433 1840 524 1917 Cujus
545 1841 722 1916 triumphum
743 1845 906 1920 pangimus,

430 1921 488 1982 Fac
509 1940 564 1981 nos
585 1932 613 1980 et
634 1924 799 1998 exemplum
820 1924 910 2001 sequi.

431 2083 490 2157 Qui
511 2094 594 2143 natus
615 2103 647 2143 es
668 2085 704 2142 de
726 2080 854 2160 Virgine,

431 2162 509 2242 Jesu,
531 2167 581 2224 tibi
603 2166 638 2224 sit
658 2162 749 2241 gloria

432 2245 508 2304 Cum
529 2246 621 2317 Patre,
643 2262 767 2322 cumque
790 2245 904 2324 Spiritu,

433 2327 468 2385 In
489 2328 662 2404 sempiterna
683 2324 786 2386 secula

331 2615 373 2673 IN
400 2613 530 2676 FESTO
554 2616 582 2674 S.
597 2614 772 2694 JOANNIS
797 2615 953 2674 APOSTi

502 2778 548 2821 AD
569 2777 722 2822 OFFICIUM
743 2777 840 2822 NocT.

314 2887 370 2959 Tu,
392 2908 479 2965 quem
500 2908 568 2965 prae
589 2888 704 2966 reliquis
726 2889 855 2948 Christus
877 2908 943 2948 ama

315 2968 343 3027 O
364 2970 462 3028 dulces
483 2969 608 3028 hominis
630 2971 748 3028 deliciae
769 2969 833 3038 Dei,

314 3049 454 3109 Curatum
476 3051 578 3127 socius,
600 3050 706 3108 funeris
727 3059 755 3107 et
776 3067 884 3119 comeo,

393 3131 430 3189 Et
449 3130 528 3189 testis
543 3142 666 3206 'quoque
686 3129 801 3205 gloriae.

610 3320 746 3368 A
