1950 3600
266 268 520 348 Evangelutarum.

156 435 238 494 Loco
259 444 395 506 remotos*
417 444 555 510 ternpore,

154 516 218 575 Vos
239 515 310 575 rexit
330 516 408 575 idem
430 516 567 592 Spiritus;

155 597 270 656 Vestris
288 597 383 656 adhuc
394 599 434 654 in
450 598 568 673 paginis

157 676 250 737 Nobis
271 672 350 754 ioqui
371 697 431 737 non
452 678 564 738 desinit.

156 839 209 911 Da,
232 840 353 911 Christe,
375 858 430 899 nos
450 822 547 899 tecum
567 841 658 912 mori;

159 920 272 981 Tecum
295 922 390 980 simul¹
401 921 440 980 da
453 940 593 998 surgere:

142 1001 288 1073 ⁶Terrena
308 1003 346 1062 da
362 1013 551 1062 contemnere
559 1023 567 1076 ;

65 1095 68 1102 ’
157 1083 264 1144 Amare
285 1085 323 1142 da
343 1085 485 1143 eoelestia.

159 1244 290 1307 sreraus
305 1204 396 1318 pam
422 1246 484 1305 raus
505 1247 587 1317 nno,
643 1244 645 1246 ·

158 1324 218 1397 Qui
238 1346 301 1399 nos,
322 1327 495 1403 triumphata
515 1346 595 1398 nece,

157 1407 206 1466 Ad
227 1419 302 1467 astra
323 1427 422 1468 secum
443 1409 501 1468 dux
523 1419 622 1468 vocat:

159 1486 286 1566 Compar
306 1491 357 1548 tibi
378 1491 448 1562 laus,
472 1491 600 1567 Spiritus.

278 1821 343 1862 ¹nn
365 1820 499 1880 arunas

163 2029 247 2086 Sinae
269 2030 323 2087 sub
345 2030 402 2087 alto
424 2032 536 2102 vertice,

163 2110 254 2168 Coelo
275 2120 401 2181 tonante,
422 2112 468 2169 lex
490 2113 572 2170 data:

160 2191 237 2266 Inter
259 2192 343 2250 tubas
364 2201 392 2250 et
414 2193 526 2267 fulgura

160 2271 300 2331 Praesens
320 2274 482 2331 minabatur
503 2275 592 2332 Deus.
655 2332 657 2335 ,

161 2433 256 2504 Nunc,
278 2444 437 2511 temperato
459 2435 595 2505 Numine,

161 2515 216 2573 Per
237 2516 299 2573 vela
320 2518 412 2574 carnis
433 2517 566 2575 blandius

161 2598 250 2654 Amat
270 2596 366 2668 videri,
387 2599 529 2674 languidis

162 2677 199 2735 Se
220 2678 318 2736 lumen
339 2688 440 2754 aptans
462 2679 601 2737 sensibus.

162 2841 308 2916 insculpta
329 2857 400 2898 saxo
421 2841 466 2899 lex
487 2851 568 2898 vetus

163 2920 327 2997 Praecepta,
348 2939 408 2978 non
429 2924 506 2980 vires
523 2922 627 2980 dabat:

162 3002 302 3078 Inscripta
323 3003 403 3060 cordi
424 3004 470 3062 lex
491 3021 566 3061 nova

162 3083 311 3160 Quidquid
330 3084 419 3159 jubet,
441 3085 489 3144 dat
510 3082 623 3160 exequi.
695 3135 696 3138 ,
