1950 3600
217 245 219 248 ‚
269 271 307 331 In
331 272 423 351 Officio
443 275 480 333 B.
495 273 619 334 Martae.

208 435 297 493 Beata
318 438 390 495 coeli
410 437 517 509 nuntio,

210 517 344 576 Fecunda
365 529 464 577 sancto
486 519 599 595 Spiritu,

208 598 392 659 Desideratus
412 601 545 676 gentibus
653 669 656 677 Ι

208 679 297 757 Cujus
318 701 370 756 per
390 682 484 739 alvum
505 682 585 742 fusus
606 693 656 743 est.

206 841 285 918 Jesu,
305 845 356 901 tibi
378 846 413 903 sit
433 845 531 921 gloria,

208 923 267 995 Qui
287 935 370 985 natus
391 945 422 985 es
444 927 480 984 de
501 924 628 1002 Virgine,

206 1004 281 1062 Cum
303 1006 385 1065 Patre
407 1017 434 1066 et
455 1009 532 1066 almo
553 1007 666 1083 Spiritu,

207 1086 242 1143 In
263 1090 436 1166 sempiterna
457 1090 577 1148 saecula.
642 1148 644 1153 .

339 1400 385 1442 AD
407 1400 539 1452 Latmus.

207 1553 234 1613 O
255 1553 380 1630 gloriosa
400 1552 560 1630 Virginum,

204 1634 338 1693 Sublimis
359 1635 431 1692 inter
452 1635 560 1704 sidera;
654 1630 657 1641 '

206 1715 264 1787 Qui
284 1726 312 1773 te
334 1717 444 1786 creavit,
465 1715 613 1791 parvulum

203 1796 339 1855 Lactente
360 1797 448 1855 nutris
468 1799 563 1855 ubere.

204 1958 293 2030 Quod
314 1957 398 2016 Heva
419 1959 503 2017 tristis
525 1957 646 2028 abstulit,

204 2039 252 2097 Tu
272 2040 366 2098 reddis
388 2040 464 2097 almo
484 2040 629 2115 germine:

168 2179 171 2184 ,
203 2121 311 2179 intrent
331 2129 362 2177 ut
383 2130 458 2179 astra
478 2121 593 2190 flebiles,

203 2201 284 2260 Coeli
305 2202 425 2261 recludis
447 2202 584 2261 cardines.

202 2365 250 2422 Tu
270 2365 345 2440 regis
367 2365 415 2423 alti
433 2365 528 2441 Janua,

201 2445 238 2503 Et
259 2447 323 2504 aula
342 2446 413 2505 lucis
434 2446 558 2522 fulgida:

199 2526 297 2584 Vitam
319 2529 415 2586 datam
435 2547 486 2604 per
507 2524 663 2602 Virginem,

201 2607 309 2667 Gentes
330 2609 495 2686 redemptae
515 2608 648 2685 plaudite.

200 2769 278 2847 Jesu,
299 2771 349 2828 tibi
370 2772 405 2828 sit
425 2770 522 2847 gloria,

201 2850 259 2922 Qui
280 2860 363 2910 natus
384 2870 415 2910 es
437 2853 473 2910 de
494 2852 620 2928 Virgine,

200 2932 275 2990 Cum
297 2933 379 2990 Patre
400 2943 428 2991 et
449 2934 526 2991 almo
548 2933 660 3008 Spiritu,

201 3014 235 3071 In
256 3014 427 3089 sempiterna
448 3014 568 3074 saecula.

657 3202 709 3242 X2

782 291 838 351 307
951 273 955 279 ’
