<?xml version="1.0" encoding="UTF-8"?>
<!DOCTYPE html PUBLIC "-//W3C//DTD XHTML 1.0 Transitional//EN"
    "http://www.w3.org/TR/xhtml1/DTD/xhtml1-transitional.dtd">
<html xmlns="http://www.w3.org/1999/xhtml" xml:lang="en" lang="en">
 <head>
  <title>
</title>
<meta http-equiv="Content-Type" content="text/html;charset=utf-8" />
  <meta name='ocr-system' content='tesseract 3.04.00' />
  <meta name='ocr-capabilities' content='ocr_page ocr_carea ocr_par ocr_line ocrx_word'/>
</head>
<body>
  <div class='ocr_page' id='page_1' title='image "./hymniecclesiae00churgoog_0418.png"; bbox 0 0 1906 3592; ppageno 0'>
   <div class='ocr_carea' id='block_1_1' title="bbox 228 256 836 344">
    <p class='ocr_par' dir='ltr' id='par_1_1' title="bbox 228 256 836 344">
     <span class='ocr_line' id='line_1_1' title="bbox 228 256 836 344; baseline 0.02 -30"><span class='ocrx_word' id='word_1_1' title='bbox 228 256 267 315; x_wconf 83' lang='lat' dir='ltr'>In</span> <span class='ocrx_word' id='word_1_2' title='bbox 281 257 362 322; x_wconf 62' lang='lat' dir='ltr'>Festo</span> <span class='ocrx_word' id='word_1_3' title='bbox 378 259 510 336; x_wconf 81' lang='lat' dir='ltr'><em>Corporis</em></span> <span class='ocrx_word' id='word_1_4' title='bbox 527 262 642 323; x_wconf 79' lang='lat' dir='ltr'><em>Christi.</em></span> <span class='ocrx_word' id='word_1_5' title='bbox 780 287 836 344; x_wconf 84' lang='lat'>391</span> 
     </span>
    </p>
   </div>
   <div class='ocr_carea' id='block_1_2' title="bbox 123 750 753 850">
    <p class='ocr_par' dir='ltr' id='par_1_2' title="bbox 123 750 753 850">
     <span class='ocr_line' id='line_1_2' title="bbox 123 750 753 850; baseline 0.013 -9"><span class='ocrx_word' id='word_1_6' title='bbox 123 784 169 842; x_wconf 83' lang='lat' dir='ltr'>m</span> <span class='ocrx_word' id='word_1_7' title='bbox 191 785 323 845; x_wconf 68' lang='lat' dir='ltr'>Fusio</span> <span class='ocrx_word' id='word_1_8' title='bbox 345 750 551 847; x_wconf 76' lang='lat' dir='ltr'>conponis</span> <span class='ocrx_word' id='word_1_9' title='bbox 573 788 753 850; x_wconf 78' lang='lat' dir='ltr'>cumsm.</span> 
     </span>
    </p>
   </div>
   <div class='ocr_carea' id='block_1_3' title="bbox 34 994 677 1069">
    <p class='ocr_par' dir='ltr' id='par_1_3' title="bbox 34 994 677 1069">
     <span class='ocr_line' id='line_1_3' title="bbox 34 994 677 1069; baseline 0.009 -18"><span class='ocrx_word' id='word_1_10' title='bbox 34 994 118 1052; x_wconf 89' lang='lat' dir='ltr'>Salve</span> <span class='ocrx_word' id='word_1_11' title='bbox 141 995 214 1052; x_wconf 85' lang='lat' dir='ltr'>festa</span> <span class='ocrx_word' id='word_1_12' title='bbox 236 996 305 1066; x_wconf 90' lang='lat' dir='ltr'>dies,</span> <span class='ocrx_word' id='word_1_13' title='bbox 327 1006 388 1055; x_wconf 91' lang='lat' dir='ltr'>toto</span> <span class='ocrx_word' id='word_1_14' title='bbox 410 998 576 1056; x_wconf 85' lang='lat' dir='ltr'>venerabilis</span> <span class='ocrx_word' id='word_1_15' title='bbox 598 1017 677 1069; x_wconf 89' lang='lat' dir='ltr'>aev0‚</span> 
     </span>
    </p>
   </div>
   <div class='ocr_carea' id='block_1_4' title="bbox 32 1075 767 1228">
    <p class='ocr_par' dir='ltr' id='par_1_4' title="bbox 32 1075 767 1228">
     <span class='ocr_line' id='line_1_4' title="bbox 74 1075 767 1147; baseline 0.009 -14"><span class='ocrx_word' id='word_1_16' title='bbox 74 1075 144 1147; x_wconf 91' lang='lat' dir='ltr'>Qua</span> <span class='ocrx_word' id='word_1_17' title='bbox 165 1076 245 1135; x_wconf 91' lang='lat' dir='ltr'>Deus</span> <span class='ocrx_word' id='word_1_18' title='bbox 267 1077 427 1136; x_wconf 86' lang='lat' dir='ltr'>Ecclesiam</span> <span class='ocrx_word' id='word_1_19' title='bbox 450 1080 525 1136; x_wconf 86' lang='lat' dir='ltr'>dicat</span> <span class='ocrx_word' id='word_1_20' title='bbox 546 1080 655 1138; x_wconf 87' lang='lat' dir='ltr'>honore</span> <span class='ocrx_word' id='word_1_21' title='bbox 677 1100 767 1139; x_wconf 90' lang='lat' dir='ltr'>suam.</span> 
     </span>
     <span class='ocr_line' id='line_1_5' title="bbox 32 1157 199 1228; baseline -0.006 -12"><span class='ocrx_word' id='word_1_22' title='bbox 32 1157 126 1228; x_wconf 90' lang='lat' dir='ltr'>Salve,</span> <span class='ocrx_word' id='word_1_23' title='bbox 148 1159 199 1216; x_wconf 76' lang='lat' dir='ltr'>doc.</span> 
     </span>
    </p>
   </div>
   <div class='ocr_carea' id='block_1_5' title="bbox 30 1306 742 1399">
    <p class='ocr_par' dir='ltr' id='par_1_5' title="bbox 30 1306 742 1399">
     <span class='ocr_line' id='line_1_6' title="bbox 30 1306 742 1399; baseline 0.003 -21"><span class='ocrx_word' id='word_1_24' title='bbox 30 1320 111 1378; x_wconf 88' lang='lat' dir='ltr'>Ecce</span> <span class='ocrx_word' id='word_1_25' title='bbox 134 1319 195 1378; x_wconf 90' lang='lat' dir='ltr'>dies</span> <span class='ocrx_word' id='word_1_26' title='bbox 216 1321 298 1391; x_wconf 84' lang='lat' dir='ltr'>laeta,</span> <span class='ocrx_word' id='word_1_27' title='bbox 319 1332 386 1395; x_wconf 91' lang='lat' dir='ltr'>post</span> <span class='ocrx_word' id='word_1_28' title='bbox 407 1306 495 1379; x_wconf 85' lang='lat' dir='ltr'>tristia</span> <span class='ocrx_word' id='word_1_29' title='bbox 515 1332 619 1379; x_wconf 87' lang='lat' dir='ltr'>tartara</span> <span class='ocrx_word' id='word_1_30' title='bbox 640 1334 742 1399; x_wconf 88' lang='lat' dir='ltr'>spreta,</span> 
     </span>
    </p>
   </div>
   <div class='ocr_carea' id='block_1_6' title="bbox 29 1400 642 1552">
    <p class='ocr_par' dir='ltr' id='par_1_6' title="bbox 29 1400 642 1552">
     <span class='ocr_line' id='line_1_7' title="bbox 73 1400 642 1477; baseline 0.005 -20"><span class='ocrx_word' id='word_1_31' title='bbox 73 1400 176 1459; x_wconf 83' lang='lat' dir='ltr'>Gratia</span> <span class='ocrx_word' id='word_1_32' title='bbox 198 1403 333 1472; x_wconf 85' lang='lat' dir='ltr'>succedit,</span> <span class='ocrx_word' id='word_1_33' title='bbox 355 1403 466 1477; x_wconf 87' lang='lat' dir='ltr'>perdita</span> <span class='ocrx_word' id='word_1_34' title='bbox 486 1404 543 1460; x_wconf 89' lang='lat' dir='ltr'>vita</span> <span class='ocrx_word' id='word_1_35' title='bbox 564 1403 642 1460; x_wconf 90' lang='lat' dir='ltr'>redit.</span> 
     </span>
     <span class='ocr_line' id='line_1_8' title="bbox 29 1482 196 1552; baseline -0.018 -10"><span class='ocrx_word' id='word_1_36' title='bbox 29 1483 125 1552; x_wconf 88' lang='lat' dir='ltr'>Salve,</span> <span class='ocrx_word' id='word_1_37' title='bbox 146 1482 196 1541; x_wconf 78' lang='lat' dir='ltr'>dic.</span> 
     </span>
    </p>
   </div>
   <div class='ocr_carea' id='block_1_7' title="bbox 28 1644 778 1878">
    <p class='ocr_par' dir='ltr' id='par_1_7' title="bbox 28 1644 778 1878">
     <span class='ocr_line' id='line_1_9' title="bbox 29 1644 778 1720; baseline 0.004 -18"><span class='ocrx_word' id='word_1_38' title='bbox 29 1646 101 1702; x_wconf 91' lang='lat' dir='ltr'>Hoc</span> <span class='ocrx_word' id='word_1_39' title='bbox 124 1663 229 1720; x_wconf 87' lang='lat' dir='ltr'>corpus</span> <span class='ocrx_word' id='word_1_40' title='bbox 251 1644 365 1713; x_wconf 80' lang='lat' dir='ltr'>Christi,</span> <span class='ocrx_word' id='word_1_41' title='bbox 389 1645 501 1702; x_wconf 85' lang='lat' dir='ltr'>salvans</span> <span class='ocrx_word' id='word_1_42' title='bbox 522 1645 558 1704; x_wconf 91' lang='lat' dir='ltr'>de</span> <span class='ocrx_word' id='word_1_43' title='bbox 580 1646 679 1705; x_wconf 86' lang='lat' dir='ltr'>sunere</span> <span class='ocrx_word' id='word_1_44' title='bbox 700 1649 778 1713; x_wconf 81' lang='lat' dir='ltr'>tristi,</span> 
     </span>
     <span class='ocr_line' id='line_1_10' title="bbox 72 1725 662 1801; baseline 0.005 -18"><span class='ocrx_word' id='word_1_45' title='bbox 72 1725 186 1783; x_wconf 86' lang='lat' dir='ltr'>Manna</span> <span class='ocrx_word' id='word_1_46' title='bbox 207 1726 345 1801; x_wconf 86' lang='lat' dir='ltr'>figuravit,</span> <span class='ocrx_word' id='word_1_47' title='bbox 363 1726 443 1784; x_wconf 89' lang='lat' dir='ltr'>litera</span> <span class='ocrx_word' id='word_1_48' title='bbox 463 1728 557 1801; x_wconf 88' lang='lat' dir='ltr'>prisca</span> <span class='ocrx_word' id='word_1_49' title='bbox 578 1729 662 1786; x_wconf 89' lang='lat' dir='ltr'>canit.</span> 
     </span>
     <span class='ocr_line' id='line_1_11' title="bbox 28 1808 195 1878; baseline -0.018 -11"><span class='ocrx_word' id='word_1_50' title='bbox 28 1808 124 1878; x_wconf 83' lang='lat' dir='ltr'>Salve,</span> <span class='ocrx_word' id='word_1_51' title='bbox 145 1808 195 1865; x_wconf 78' lang='lat' dir='ltr'>dic.</span> 
     </span>
    </p>
   </div>
   <div class='ocr_carea' id='block_1_8' title="bbox 29 1968 750 2030">
    <p class='ocr_par' dir='ltr' id='par_1_8' title="bbox 29 1968 750 2030">
     <span class='ocr_line' id='line_1_12' title="bbox 29 1968 750 2030; baseline 0 -1"><span class='ocrx_word' id='word_1_52' title='bbox 29 1971 101 2029; x_wconf 90' lang='lat' dir='ltr'>Hoc</span> <span class='ocrx_word' id='word_1_53' title='bbox 123 1971 244 2028; x_wconf 91' lang='lat' dir='ltr'>verbum</span> <span class='ocrx_word' id='word_1_54' title='bbox 258 1968 349 2026; x_wconf 88' lang='lat' dir='ltr'>Patris</span> <span class='ocrx_word' id='word_1_55' title='bbox 371 1969 443 2026; x_wconf 89' lang='lat' dir='ltr'>coeli</span> <span class='ocrx_word' id='word_1_56' title='bbox 465 1970 602 2028; x_wconf 81' lang='lat' dir='ltr'>sonnator</span> <span class='ocrx_word' id='word_1_57' title='bbox 623 1979 651 2028; x_wconf 90' lang='lat' dir='ltr'>et</span> <span class='ocrx_word' id='word_1_58' title='bbox 674 1973 750 2030; x_wconf 88' lang='lat' dir='ltr'>orbis</span> 
     </span>
    </p>
   </div>
   <div class='ocr_carea' id='block_1_9' title="bbox 29 2050 746 2202">
    <p class='ocr_par' dir='ltr' id='par_1_9' title="bbox 29 2050 746 2202">
     <span class='ocr_line' id='line_1_13' title="bbox 72 2050 746 2110; baseline -0.001 -1"><span class='ocrx_word' id='word_1_59' title='bbox 72 2051 150 2109; x_wconf 89' lang='lat' dir='ltr'>Cum</span> <span class='ocrx_word' id='word_1_60' title='bbox 172 2050 255 2108; x_wconf 86' lang='lat' dir='ltr'>Patre</span> <span class='ocrx_word' id='word_1_61' title='bbox 277 2061 380 2108; x_wconf 90' lang='lat' dir='ltr'>cuncta</span> <span class='ocrx_word' id='word_1_62' title='bbox 401 2061 476 2109; x_wconf 88' lang='lat' dir='ltr'>creat</span> <span class='ocrx_word' id='word_1_63' title='bbox 498 2062 526 2109; x_wconf 93' lang='lat' dir='ltr'>et</span> <span class='ocrx_word' id='word_1_64' title='bbox 548 2053 652 2110; x_wconf 84' lang='lat' dir='ltr'>deitate</span> <span class='ocrx_word' id='word_1_65' title='bbox 673 2053 746 2110; x_wconf 90' lang='lat' dir='ltr'>beat.</span> 
     </span>
     <span class='ocr_line' id='line_1_14' title="bbox 29 2133 195 2202; baseline -0.018 -11"><span class='ocrx_word' id='word_1_66' title='bbox 29 2133 124 2202; x_wconf 87' lang='lat' dir='ltr'>Salve,</span> <span class='ocrx_word' id='word_1_67' title='bbox 146 2134 195 2190; x_wconf 76' lang='lat' dir='ltr'>dic.</span> 
     </span>
    </p>
   </div>
   <div class='ocr_carea' id='block_1_10' title="bbox 29 2294 701 2369">
    <p class='ocr_par' dir='ltr' id='par_1_10' title="bbox 29 2294 701 2369">
     <span class='ocr_line' id='line_1_15' title="bbox 29 2294 701 2369; baseline -0.001 -16"><span class='ocrx_word' id='word_1_68' title='bbox 29 2294 152 2369; x_wconf 86' lang='lat' dir='ltr'>Angelis</span> <span class='ocrx_word' id='word_1_69' title='bbox 174 2304 218 2351; x_wconf 88' lang='lat' dir='ltr'>est</span> <span class='ocrx_word' id='word_1_70' title='bbox 239 2294 322 2368; x_wconf 87' lang='lat' dir='ltr'>panis</span> <span class='ocrx_word' id='word_1_71' title='bbox 342 2312 457 2351; x_wconf 87' lang='lat' dir='ltr'>summa</span> <span class='ocrx_word' id='word_1_72' title='bbox 478 2294 584 2352; x_wconf 82' lang='lat' dir='ltr'>refecto</span> <span class='ocrx_word' id='word_1_73' title='bbox 606 2296 701 2364; x_wconf 80' lang='lat' dir='ltr'>sacriS,</span> 
     </span>
    </p>
   </div>
   <div class='ocr_carea' id='block_1_11' title="bbox 30 2374 682 2527">
    <p class='ocr_par' dir='ltr' id='par_1_11' title="bbox 30 2374 682 2527">
     <span class='ocr_line' id='line_1_16' title="bbox 72 2374 682 2450; baseline -0.003 -16"><span class='ocrx_word' id='word_1_74' title='bbox 72 2374 132 2434; x_wconf 90' lang='lat' dir='ltr'>Sed</span> <span class='ocrx_word' id='word_1_75' title='bbox 154 2393 241 2434; x_wconf 89' lang='lat' dir='ltr'>sensu</span> <span class='ocrx_word' id='word_1_76' title='bbox 262 2375 341 2432; x_wconf 85' lang='lat' dir='ltr'>vanis</span> <span class='ocrx_word' id='word_1_77' title='bbox 362 2375 402 2432; x_wconf 91' lang='lat' dir='ltr'>nil</span> <span class='ocrx_word' id='word_1_78' title='bbox 423 2375 504 2432; x_wconf 30' lang='lat' dir='ltr'>valeti</span> <span class='ocrx_word' id='word_1_79' title='bbox 518 2376 571 2433; x_wconf 91' lang='lat' dir='ltr'>iste</span> <span class='ocrx_word' id='word_1_80' title='bbox 591 2377 682 2450; x_wconf 89' lang='lat' dir='ltr'>panis.</span> 
     </span>
     <span class='ocr_line' id='line_1_17' title="bbox 30 2457 196 2527; baseline -0.012 -12"><span class='ocrx_word' id='word_1_81' title='bbox 30 2457 123 2527; x_wconf 87' lang='lat' dir='ltr'>Salve,</span> <span class='ocrx_word' id='word_1_82' title='bbox 146 2458 196 2515; x_wconf 79' lang='lat' dir='ltr'>dic.</span> 
     </span>
    </p>
   </div>
   <div class='ocr_carea' id='block_1_12' title="bbox 29 2618 787 2853">
    <p class='ocr_par' dir='ltr' id='par_1_12' title="bbox 29 2618 787 2853">
     <span class='ocr_line' id='line_1_18' title="bbox 29 2618 787 2694; baseline -0.003 -17"><span class='ocrx_word' id='word_1_83' title='bbox 29 2620 99 2677; x_wconf 91' lang='lat' dir='ltr'>Hoc</span> <span class='ocrx_word' id='word_1_84' title='bbox 121 2637 226 2694; x_wconf 86' lang='lat' dir='ltr'>corpus</span> <span class='ocrx_word' id='word_1_85' title='bbox 247 2637 346 2675; x_wconf 89' lang='lat' dir='ltr'>verum</span> <span class='ocrx_word' id='word_1_86' title='bbox 368 2618 484 2676; x_wconf 90' lang='lat' dir='ltr'>firmans</span> <span class='ocrx_word' id='word_1_87' title='bbox 506 2618 662 2691; x_wconf 90' lang='lat' dir='ltr'>primordia</span> <span class='ocrx_word' id='word_1_88' title='bbox 682 2637 787 2688; x_wconf 88' lang='lat' dir='ltr'>rerum,</span> 
     </span>
     <span class='ocr_line' id='line_1_19' title="bbox 71 2699 707 2774; baseline -0.002 -17"><span class='ocrx_word' id='word_1_89' title='bbox 71 2701 168 2758; x_wconf 81' lang='lat' dir='ltr'>In&#39;fera</span> <span class='ocrx_word' id='word_1_90' title='bbox 190 2699 329 2774; x_wconf 86' lang='lat' dir='ltr'>confregit</span> <span class='ocrx_word' id='word_1_91' title='bbox 351 2709 436 2774; x_wconf 89' lang='lat' dir='ltr'>atque</span> <span class='ocrx_word' id='word_1_92' title='bbox 457 2700 606 2773; x_wconf 86' lang='lat' dir='ltr'>redempta</span> <span class='ocrx_word' id='word_1_93' title='bbox 626 2700 707 2774; x_wconf 89' lang='lat' dir='ltr'>regit.</span> 
     </span>
     <span class='ocr_line' id='line_1_20' title="bbox 31 2782 196 2853; baseline -0.012 -13"><span class='ocrx_word' id='word_1_94' title='bbox 31 2782 123 2853; x_wconf 82' lang='lat' dir='ltr'>Salve,</span> <span class='ocrx_word' id='word_1_95' title='bbox 145 2783 196 2839; x_wconf 76' lang='lat' dir='ltr'>doc.</span> 
     </span>
    </p>
   </div>
   <div class='ocr_carea' id='block_1_13' title="bbox 31 2941 829 3177">
    <p class='ocr_par' dir='ltr' id='par_1_13' title="bbox 31 2941 829 3177">
     <span class='ocr_line' id='line_1_21' title="bbox 31 2941 829 3018; baseline -0.008 -16"><span class='ocrx_word' id='word_1_96' title='bbox 31 2945 163 3002; x_wconf 91' lang='lat' dir='ltr'>Laudem</span> <span class='ocrx_word' id='word_1_97' title='bbox 178 2943 359 3018; x_wconf 89' lang='lat' dir='ltr'>complacuit,</span> <span class='ocrx_word' id='word_1_98' title='bbox 375 2959 490 2999; x_wconf 89' lang='lat' dir='ltr'>carnem</span> <span class='ocrx_word' id='word_1_99' title='bbox 506 2941 566 2998; x_wconf 88' lang='lat' dir='ltr'>sine</span> <span class='ocrx_word' id='word_1_100' title='bbox 578 2941 688 2999; x_wconf 88' lang='lat' dir='ltr'>semine</span> <span class='ocrx_word' id='word_1_101' title='bbox 698 2941 829 3015; x_wconf 90' lang='lat' dir='ltr'>sumpsit,</span> 
     </span>
     <span class='ocr_line' id='line_1_22' title="bbox 71 3021 719 3101; baseline -0.003 -21"><span class='ocrx_word' id='word_1_102' title='bbox 71 3026 200 3101; x_wconf 82' lang='lat' dir='ltr'>Virginis</span> <span class='ocrx_word' id='word_1_103' title='bbox 222 3034 250 3082; x_wconf 91' lang='lat' dir='ltr'>et</span> <span class='ocrx_word' id='word_1_104' title='bbox 271 3025 369 3081; x_wconf 86' lang='lat' dir='ltr'>matris</span> <span class='ocrx_word' id='word_1_105' title='bbox 390 3023 499 3079; x_wconf 88' lang='lat' dir='ltr'>viscera</span> <span class='ocrx_word' id='word_1_106' title='bbox 519 3040 600 3080; x_wconf 84' lang='lat' dir='ltr'>sacra</span> <span class='ocrx_word' id='word_1_107' title='bbox 621 3021 719 3097; x_wconf 88' lang='lat' dir='ltr'>replet.</span> 
     </span>
     <span class='ocr_line' id='line_1_23' title="bbox 33 3106 196 3177; baseline -0.012 -12"><span class='ocrx_word' id='word_1_108' title='bbox 33 3106 123 3177; x_wconf 82' lang='lat' dir='ltr'>Salve,</span> <span class='ocrx_word' id='word_1_109' title='bbox 146 3108 196 3164; x_wconf 78' lang='lat' dir='ltr'>doc.</span> 
     </span>
    </p>
   </div>
   <div class='ocr_carea' id='block_1_14' title="bbox 0 0 958 3592">
    <p class='ocr_par' dir='ltr' id='par_1_14' title="bbox 0 0 958 3592">
     <span class='ocr_line' id='line_1_24' title="bbox 0 0 958 3592; baseline 0 0"><span class='ocrx_word' id='word_1_110' title='bbox 0 0 958 3592; x_wconf 95' lang='lat' dir='ltr'> </span> 
     </span>
    </p>
   </div>
  </div>
 </body>
</html>
