1950 3600
311 208 313 213 ’
375 215 413 272 In
435 214 491 272 Die
511 212 683 272 Pentecosten
876 227 934 284 323
957 283 961 291 ι

295 378 402 436 Inferni
423 378 545 436 claustra
565 386 726 453 penetrans,

297 461 380 525 Tuos
401 460 529 534 captivos
549 458 724 529 redimens„

296 542 396 605 *dictor
416 540 562 616 triumpho
583 539 672 597 nobili

296 625 346 689 Ad
365 624 495 682 dextram
517 621 607 679 Patris
628 620 764 679 residens.

297 786 366 860 Ipsa
386 795 414 853 te
435 793 521 859 cogat
541 784 632 859 pietas

296 866 336 924 Ut
357 867 434 935 mala
454 875 552 924 nostra
572 881 698 940 superes,

298 948 447 1013 Parcendo
468 957 496 1005 et
517 947 575 1005 voti
596 953 747 1020 compotes

299 1029 363 1088 Nos
385 1040 437 1089 tuo
456 1028 534 1086 vultu
555 1028 650 1087 facies.

296 1191 344 1248 Tu
365 1201 428 1250 esto
449 1200 578 1255 nostrum
599 1191 745 1268 gaudium,

297 1271 356 1343 Qui
376 1291 408 1330 es
428 1273 539 1339 futurus
559 1274 736 1347 praemium3

299 1353 341 1412 Sit
362 1364 460 1412 nostra
480 1355 559 1417 inte
579 1354 670 1430 gloria

300 1435 354 1493 Per
375 1446 478 1494 cuncta
499 1453 613 1510 semper
635 1437 757 1495 saecula.

300 1596 401 1656 Gloria
421 1598 472 1655 tibi
492 1597 628 1669 Domine,

303 1678 362 1750 Qui
384 1679 497 1738 scandis
519 1697 606 1754 supra
627 1680 728 1752 sidera,

300 1759 376 1818 Cum
397 1760 481 1818 Patre
502 1770 530 1818 et
551 1771 651 1820 sancto
673 1761 786 1838 Spiritu,

300 1841 335 1898 In
357 1842 531 1916 sempiterna
551 1842 672 1901 saecula.

436 2051 648 2059 ---——.—

309 2219 353 2276 IN
376 2219 448 2277 DIE
470 2218 773 2291 PENTECOSTES‚

361 2367 390 2414 Et
405 2369 472 2416 tribus
487 2370 562 2417 diebus
577 2370 721 2431 sequentibus.

376 2555 421 2599 AD
443 2555 707 2600 COMPLETORIUM.

139 2674 229 2732 Alma
243 2673 348 2732 choms
358 2674 478 2732 Domini
488 2692 565 2733 nunc
579 2684 687 2750 pangat
700 2675 818 2745 nomina
834 2676 946 2744 summi,

145 2754 281 2826 Messias,
298 2755 388 2827 Soter,
403 2756 585 2826 Emmanuel,
602 2756 729 2814 Sabaoth
750 2754 874 2827 Adonai,

142 2837 206 2906 Est,
221 2835 402 2913 Unigenitus,
418 2836 482 2906 Via,
496 2836 572 2907 Vita,
587 2836 704 2907 Manus,
719 2836 933 2907 Homoousion,

143 2918 330 2993 Principium,
345 2917 564 2993 Primogenitus,
580 2916 734 2994 Sapientia,
748 2917 855 2988 Virtus,

144 2999 251 3076 Alpha,
266 2999 371 3075 Caput,
385 3000 520 3074 Finisque
535 2999 620 3057 simul
635 2999 772 3057 vocitatur
786 3009 814 3057 et
828 3010 871 3058 est
886 2999 943 3071 Oo,
966 3000 968 3005 '

144 3081 225 3139 Fons
240 3092 268 3138 et
283 3081 374 3158 Origo
388 3082 465 3152 boni,
480 3081 646 3152 Paraclitus,
662 3091 691 3140 et
704 3080 856 3152 Mediator,

504 3178 525 3220 r
543 3181 558 3219 2
813 3207 817 3222 .
