1906 3592
173 261 229 332 198
332 254 335 263 ’
500 256 653 334 Wrgimm.
693 263 700 280 ⁶

252 406 317 477 Fac,
339 424 359 465 o
380 405 500 478 Christe,
521 416 587 465 tuae
607 403 736 482 Virginis
758 408 899 479 aemulos,

251 488 317 546 Hae
339 506 393 547 nos
414 489 454 546 ire
474 488 525 546 tibi
546 506 604 564 qua
623 488 750 563 graditur
770 489 833 546 via:

252 569 311 641 Qui
325 588 397 645 gens
412 579 511 628 saneta
524 587 631 639 sumus,
646 569 776 628 moribus
790 570 910 646 integris

331 651 389 709 Fae
411 651 464 710 soli
484 651 534 708 triti
555 651 656 708 vivere.

250 815 296 874 Da
317 825 353 885 te,
375 830 488 871 summe
508 811 600 884 Pater,
621 812 719 871 tollere
740 811 890 872 laudibus:

249 897 297 955 Da
310 907 346 967 te,
362 894 482 965 Christe,
497 894 586 969 sequi,
601 893 696 952 laurea
710 894 881 970 Virginum:

249 978 307 1036 Fac
329 979 446 1035 incensa
466 975 531 1045 tuis,
554 974 681 1050 Spiritus,
704 975 823 1034 ardeant

329 1058 466 1117 Flammis
486 1056 589 1132 frigida
609 1066 735 1132 pectora.

392 1527 438 1571 AD
463 1524 616 1571 OFFICIUM
641 1524 739 1569 Nocr.

454 1797 517 1857 Pro
537 1798 676 1874 Marone.

242 2027 394 2103 Virginum
408 2028 508 2099 robur,
530 2028 619 2100 Deus,
641 2039 727 2107 atque
748 2030 885 2089 custosz*

246 2110 337 2168 Sexus
358 2109 487 2180 imbellis,
508 2110 621 2168 medios
641 2129 693 2186 per
714 2129 807 2182 enses,

243 2189 321 2248 Dum
342 2191 428 2262 faves,
450 2209 522 2266 quas
543 2209 602 2250 non
623 2202 738 2268 superat
758 2193 828 2250 virili

325 2273 443 2332 Pectore
464 2275 590 2330 mortes!

245 2433 300 2491 Pro
321 2435 376 2492 tuis
397 2435 452 2494 aris
473 2436 603 2492 animosa
624 2434 716 2512 Virgo

244 2513 334 2573 Molle
355 2516 403 2574 dat
423 2518 524 2591 poenis
545 2516 667 2574 lacerare
689 2531 811 2591 corpus:

244 2595 312 2654 Non
334 2615 402 2655 suos
424 2598 515 2668 sent't‚
537 2615 649 2656 mernor
670 2600 705 2656 ol
728 2607 852 2667 tuorum,

324 2677 442 2749 Christe,
465 2679 605 2737 dolorum.

242 2839 310 2898 Non
331 2859 432 2916 graves
453 2840 564 2916 plagae,
586 2840 670 2898 validi
691 2857 746 2898 nec
767 2841 841 2898 ictus

240 2920 385 2997 Integram
406 2932 527 2997 possunt
547 2921 652 2979 violare
673 2932 817 2978 mentem:

240 3000 319 3073 Quin
340 3003 411 3061 sacri
426 3003 525 3061 crescit
546 3004 640 3078 magis
661 3002 822 3060 obstinatus

321 3084 414 3142 Ardor
435 3083 549 3142 amoris.
