1906 3592
341 231 496 280 PRAEFA
506 230 545 278 TI
549 231 576 277 0.

60 414 150 467 nostris,
162 414 208 473 qui,
220 427 290 459 caeco
307 413 407 472 quodam
424 410 600 464 reformationis,
612 423 683 469 quam
695 417 791 463 vocant,
804 411 860 454 aest

62 543 85 587 in
97 542 195 588 Ecclesia
213 542 296 601 passim
313 542 422 594 fervente,
434 554 447 584 e
458 537 603 601 religionibus
620 536 672 590 suis,
685 551 733 581 non
751 551 812 596 quae
829 545 860 581 en

62 673 163 710 terorum
184 663 282 710 studium
304 672 414 722 posceret,
432 664 470 709 sed
490 677 549 722 quae
569 662 602 708 vis
623 670 782 721 extorqueret,
800 663 858 708 miss

61 788 179 842 iecerunt;
205 803 218 832 a
241 787 355 832 malesana
376 785 519 845 philosophia
540 785 621 844 ereptis
640 785 745 840 caeteris,
766 800 795 831 ea
815 797 860 830 con

61 910 170 964 cedendo,
188 923 247 968 quae
267 909 413 954 sanctitatem
432 909 499 968 plane
519 909 612 964 nullam,
632 924 713 968 parem
735 918 816 956 autern
837 910 860 954 in

61 1034 147 1078 vidiam
169 1032 286 1079 haberent.
324 1033 384 1078 Hinc
405 1033 443 1088 illi,
463 1033 545 1093 quibus
564 1048 624 1078 nunc
648 1033 745 1087 utimur,¹
764 1034 824 1080 ritus
847 1049 860 1079 e

62 1154 234 1208 caeremoniae;
251 1153 304 1200 hinc
316 1167 391 1199 rerum
403 1153 531 1199 divinarum
543 1154 615 1208 ordo;
632 1152 686 1197 hinc
699 1161 722 1198 et
735 1152 860 1212 disciplina«

61 1287 152 1323 nostrae
163 1279 237 1323 sonna
250 1286 272 1322 et
285 1278 366 1338 agendi
378 1278 437 1323 ratio
449 1277 570 1337 repetenda
582 1285 623 1323 est.

97 1399 167 1455 Quod
188 1399 205 1444 si
222 1399 263 1445 fiat
280 1400 391 1458 quaestio,
409 1414 448 1445 cur
467 1400 638 1461 diligentissimi*
649 1399 700 1454 viri,
718 1413 772 1445 cum
790 1407 860 1445 nostr

62 1522 139 1568 omnia
152 1532 307 1577 retractarent,
322 1523 472 1584 hymnodiam
489 1524 564 1570 solum
579 1524 737 1578 intactam-et
753 1533 860 1584 tanquan

61 1649 211 1707 desperatam,
223 1664 252 1694 ne
264 1649 339 1695 dicam
351 1650 505 1708 improbatam
517 1651 655 1710 reliquerint,
664 1650 687 1695 id
699 1665 755 1696 vero
768 1665 798 1696 ex
810 1652 859 1710 ejus

61 1770 124 1817 modi
136 1763 225 1817 silentio
237 1771 331 1815 minime
347 1771 500 1832 colligendum
516 1772 565 1817 erit.
599 1771 668 1826 Nam,
681 1786 735 1817 cum
752 1781 860 1819 statutun

62 1902 126 1949 esset,
136 1903 161 1940 ut
174 1895 247 1940 cultus
259 1894 354 1948 divinus,
363 1909 392 1939 eo
404 1910 474 1955 usque
486 1896 509 1940 in
520 1895 605 1941 Latino
616 1896 727 1941 idiomate
739 1897 860 1943 absolutus

62 2019 166 2064 transiret
182 2019 205 2062 in
220 2019 373 2071 vernaculam,
385 2018 435 2077 quis
451 2019 524 2072 daret,
535 2027 561 2063 ut
577 2017 615 2076 qui
631 2027 723 2077 possent
740 2019 828 2078 aliquid
845 2021 860 2064 ir

62 2143 128 2187 rebus
140 2141 296 2193 reformandis,
305 2140 321 2184 ii
333 2140 355 2185 in
367 2140 458 2198 poetica
470 2140 576 2186 florerent
589 2140 661 2196 simul,
670 2141 740 2189 verba
752 2151 832 2188 autem
844 2145 860 2188 ir

62 2278 151 2308 versum
164 2273 186 2308 et
195 2263 338 2322 quaestiones
348 2263 377 2307 ad
386 2263 488 2308 veritatis
498 2276 610 2317 normam,
619 2263 667 2321 pari
677 2263 768 2311 solertia
779 2267 860 2328 redige·

62 2389 131 2434 renti
164 2389 231 2433 Unde
246 2390 334 2434 factum
350 2396 390 2441 est,
403 2396 429 2433 ut
445 2388 469 2432 in
484 2387 564 2433 officiis
582 2387 670 2441 divinis,
682 2387 737 2432 dum
753 2388 860 2436 habemus

61 2520 159 2565 caetera,
170 2512 268 2572 hymnos
280 2528 327 2557 non
338 2512 470 2558 habeamus.

95 2639 174 2697 Qare
195 2639 218 2682 in
238 2637 282 2682 hac
303 2638 416 2683 Ecclesiae
437 2647 528 2683 nostrae
548 2637 699 2719 qualicunque
717 2638 803 2697 inopia,
820 2640 860 2685 ho<

62 2770 173 2819 tempore,
184 2760 273 2831 ⁴Lector
290 2760 407 2814 benevole,
423 2761 465 2805 tibi
483 2760 617 2818 apponenda
635 2759 756 2805 statuimus
774 2761 812 2806 illa
829 2762 860 2805 ve?

63 2885 152 2930 illorum
165 2884 253 2937 similia,
265 2899 324 2943 quae
336 2883 406 2929 nostri
418 2883 441 2926 in
454 2883 544 2927 saeculo
561 2883 651 2928 decimo
669 2891 742 2938 sexto,
754 2898 808 2929 cnm
825 2899 860 2929 sua

63 3015 145 3061 essent,
162 3007 190 3066 de
207 3006 311 3052 manibus
328 3006 449 3065 prudenter
466 3003 607 3058 amiserunt;
628 3018 675 3049 non
693 3004 738 3058 illa,
755 3019 785 3049 ex
801 3005 860 3050 omni
