1950 3600
240 255 278 314 In
297 255 379 314 Facto
402 254 435 326 Q.
456 254 623 332 Plagarum.

154 437 248 495 Trans
268 453 372 494 manus
393 435 540 510 pedesque
561 435 643 507 fixus,

154 518 258 578 Nostra
277 517 383 592 rumpit
403 517 531 574 vincula:

155 599 269 675 Totque
292 594 385 657 fontes'
408 608 474 656 sunt
495 598 601 670 salutiS,

155 681 233 752 Quot
253 681 315 738 fluit
335 679 428 755 plagis
448 697 548 751 cruor;

157 761 192 820 Et
212 762 316 837 quibus
337 759 423 819 clavis
443 770 562 831 tenetur,

156 839 217 902 Nos
237 852 315 901 tenet
335 843 409 900 fixos
430 843 514 899 cruci.

157 1002 261 1064 Mortui
281 1015 381 1080 pectus
402 1013 545 1062 sacratum
628 1053 630 1056 Α

157 1084 323 1145 Vulneratur
343 1086 443 1144 lancea
453 1104 461 1156 ;

156 1167 224 1226 lnde
246 1167 362 1243 sanguis
382 1168 484 1225 mistus
504 1167 583 1224 unda

157 1248 288 1307 Fervidus
308 1248 481 1324 prolabitur:

157 1330 201 1388 Ad
222 1331 366 1388 lavacrum
386 1330 504 1405 praebet
524 1329 641 1400 undam,

157 1411 202 1470 Ad
223 1426 346 1470 coronas
368 1411 546 1486 sanguinem.

157 1572 220 1644 Fac,
242 1573 428 1648 Redemptor,
449 1573 613 1630 hauriamus

158 1653 212 1713 His
233 1673 322 1729 aquas
343 1654 380 1712 de
400 1654 527 1712 fontibus
537 1673 545 1725 ;

159 1734 295 1794 Poculum
316 1737 426 1793 sintae
446 1735 567 1806 medela,

157 1816 217 1874 Sint
237 1828 267 1874 et
286 1817 356 1874 olim
376 1817 553 1892 praemium;

157 1895 195 1956 Ut
214 1898 379 1972 redemptus
400 1909 428 1956 te
449 1916 501 1973 per
521 1911 608 1955 omne

158 1977 266 2038 Laudet
286 1979 364 2037 orbis
386 1980 521 2037 seculum.

264 2254 310 2296 AD
331 2250 484 2296 OFFICIUM
506 2251 601 2295 NOC'P.

157 2446 274 2531 Lugete,
295 2454 375 2529 pacis
395 2454 516 2529 Angeli:

157 2536 286 2595 Mortalis
306 2554 344 2593 en
364 2535 437 2592 ultro
458 2535 547 2604 Deua

155 2617 266 2693 Culpae
287 2635 389 2691 gerens
410 2617 574 2691 imaginem,

157 2698 284 2757 Poenam
304 2707 460 2756 nocentum
481 2698 608 2755 sustinet

157 2860 272 2918 Amoris
293 2859 321 2918 O
335 2859 520 2917 miraculum!

156 2940 186 3000 O
207 2941 301 3000 cordis
322 2940 440 2998 humani
461 2943 575 3015 stupori

158 3021 262 3082 Insons
282 3022 363 3080 Deus
378 3022 441 3080 neci
463 3022 561 3092 datur3

158 3101 269 3180 Pigebit
290 3113 318 3161 et
339 3113 436 3162 sontes
456 3103 537 3178 pati?
