1950 3600
214 205 253 265 In
273 205 355 264 Festo
370 205 501 282 Corporis
525 206 640 266 Christi.
775 228 830 282 103

188 369 225 426 In
245 386 397 444 supremae
418 379 504 436 nocte
524 389 632 429 coenae

114 482 118 487 ·
190 449 377 509 Recumbens
397 469 466 509 cum
487 451 628 522 fratribus,

189 531 350 590 Observata
369 533 434 608 lege
454 532 548 607 plene,

189 611 270 670 Cibis
291 613 321 670 in
341 613 491 689 legalibus,
545 670 548 674 ,
662 672 663 675 ,

189 692 298 751 Cibum
318 695 418 752 turbae
439 695 591 753 duodenae

191 773 231 832 Se
252 776 301 833 dat
321 777 382 834 suis
402 777 545 834 manibus.

192 903 323 963 Verbum
344 924 412 964 caro
433 925 539 982 panem
560 925 658 965 verum

192 985 293 1044 Verbo
313 1005 431 1065 carnem
452 989 553 1046 efficit:

191 1067 294 1144 Fitque
315 1070 434 1144 sanguis
455 1069 561 1128 Christi
582 1086 712 1138 merum;

191 1148 229 1207 Et
250 1150 275 1209 si
296 1168 398 1209 sensus
421 1150 524 1221 deficit,

190 1230 239 1288 Ad
260 1231 434 1288 firmandum
455 1250 505 1290 cor
524 1232 669 1290 sincerum

190 1310 260 1369 Sola
281 1312 353 1370 fides
374 1313 485 1371 sufficit.

192 1438 322 1497 Tantum
341 1458 414 1516 ergo
434 1440 653 1499 Sacramentum

190 1521 371 1579 Veneremur
392 1523 506 1593 cernui;

193 1601 231 1660 Et
252 1603 403 1679 antiquum
424 1604 631 1662 documentum

193 1682 280 1742 Novo
302 1684 386 1742 cedat
406 1685 489 1742 ritui:

194 1764 322 1823 Praestet
343 1765 415 1824 fides
436 1767 668 1842 supplementum

192 1844 339 1908 Sensuum
360 1847 491 1905 defectui.

192 1975 334 2047 Genitori,
354 1978 512 2056 genitoque

195 2056 272 2124 Laus
294 2068 322 2116 et
339 2058 480 2144 jubilati0,

195 2137 287 2220 Salus,
309 2138 411 2211 honor,
432 2142 521 2200 virtus
542 2159 659 2217 quoque
694 2161 695 2164 ¹

194 2217 239 2282 Sit
260 2230 288 2277 et
308 2221 489 2300 benedictio;

195 2299 365 2370 Procedenti
386 2303 423 2361 ab
444 2313 566 2380 utroque

197 2380 328 2457 Compar
347 2384 384 2447 sit
405 2384 539 2453 laudatio

237 2560 283 2603 AD
306 2559 419 2604 PRECES
444 2561 629 2610 SEROTINAS.

314 2669 387 2749 (Per
411 2670 563 2740 Octavam.)

155 2783 257 2850 Adoro
278 2793 306 2840 te
327 2783 438 2851 devote,
459 2782 550 2838 latens
572 2780 672 2837 Deitas

154 2863 240 2936 Quae
261 2865 315 2923 sub
336 2863 381 2920 his
401 2862 500 2937 figuris
522 2880 587 2919 vere
607 2861 716 2919 latitas:

157 2945 226 3002 Tibi
247 2963 278 3004 se
299 2963 349 3003 cor
370 2961 468 3000 meum
489 2953 582 3001 totum
603 2943 725 3018 subjicit,

154 3025 232 3099 Quia
253 3036 281 3085 te
302 3026 502 3100 contemplans
522 3034 615 3082 totum
638 3024 739 3082 deficit.
