1906 3592
131 247 169 302 82

354 240 392 298 In
417 239 544 316 Tempore
562 238 710 299 Paschalr'.

253 403 381 463 Christus
404 403 525 479 sepulcri
546 402 680 461 faucibus

252 485 389 544 Emersus
410 487 448 544 ad
469 485 564 542 lucem
584 485 675 556 redit;

251 567 378 626 Hostem
397 567 515 625 retrudit
535 576 649 635 tartaro,

252 647 392 723 Coelique
415 647 515 724 pandit
536 648 644 704 intima.

251 811 306 881 Da,
328 809 449 881 Christe,
471 827 525 867 nos
547 819 643 866 tecum
664 808 762 884 mori;

251 891 365 950 Tecum
386 892 471 949 simul
492 891 530 949 da
551 908 687 966 surgere:

252 972 381 1031 Terrena
402 974 440 1030 da
451 982 645 1042 ‘contemnere
657 992 667 1042 ;

251 1055 357 1112 Amare
379 1054 418 1111 da
437 1053 581 1111 coelestia.

251 1215 292 1273 Sit
313 1215 375 1273 laus
396 1215 488 1286 Patri;
510 1215 571 1272 laus
593 1214 677 1286 Fssio,

251 1297 310 1368 Qui
332 1315 394 1367 nos,
415 1296 588 1371 triumphata
609 1314 691 1366 nece,

195 1376 196 1380 ’
251 1378 298 1435 Ad
320 1388 395 1436 astra
416 1394 516 1436 secum
537 1376 595 1434 dux
617 1387 720 1435 vocat:

251 1458 379 1534 Compar
399 1460 449 1517 tibi
470 1459 543 1528 laur,
564 1457 695 1532 Spiritus.

366 1830 412 1872 AD
433 1829 700 1874 COMPLETORIUM.

248 2033 326 2110 Jesu‚
347 2033 512 2107 redemptor
531 2030 629 2101 seculi,

249 2115 309 2186 Qui
328 2115 411 2172 tertio
432 2124 498 2189 post
519 2113 618 2170 funera

248 2195 353 2254 Redux
375 2197 411 2252 ab
432 2195 527 2253 inseris
549 2194 602 2263 die,
644 2221 646 2225 ·

249 2277 375 2335 Mortem
395 2277 571 2351 resurgendo
590 2292 688 2333 necas.

249 2438 317 2497 Nox
339 2448 398 2496 atra
416 2439 476 2513 jam
496 2448 584 2496 terras
605 2449 728 2512 premet,

144 2562 149 2570 .
249 2519 418 2595 Mergetque
440 2537 543 2577 somno
564 2520 688 2576 lumina:

250 2601 352 2659 Hostis
372 2600 496 2657 furorem
517 2601 626 2675 perfidi,

248 2683 390 2757 Artesque
410 2699 512 2739 coecas
534 2682 642 2757 disjice.

249 2843 289 2902 Ut
308 2845 384 2919 justa
405 2843 474 2900 dum
495 2860 577 2899 curas
597 2841 678 2910 levat,

249 2925 286 2983 Et
307 2943 412 2999 corpus
432 2924 567 2980 instaurat
588 2922 686 2994 quies:

250 3007 296 3065 Sic
317 3005 447 3064 membra
468 3019 586 3061 somnus
607 3013 739 3075 occupet,

248 3088 294 3147 Ne
315 3087 409 3146 corda
423 3095 521 3160 torpor
540 3081 691 3154 opprimat.
