1950 3600
256 229 289 289 S.
302 228 426 307 Joannei
444 229 574 306 Aposali.
758 251 813 306 ιι,
861 305 866 318 .

179 394 294 451 Amoris
315 411 335 450 ο
355 411 430 469 quae
448 393 589 488 Pignora!

178 475 272 533 Vobis
293 492 362 532 oves
383 474 472 541 crodit
490 493 576 534 suas:

179 556 283 632 Ligare
304 555 361 629 dat,
372 555 431 617 nat
452 557 560 615 solvere
673 593 675 597 «

178 636 264 708 Quae
284 637 368 701 solvit
387 646 417 694 et
436 637 505 714 ligat
525 637 615 698 Deus.

179 799 235 872 Da,
249 797 378 868 Christe,
400 799 438 856 da
457 808 553 857 tecum
574 802 663 859 mori:

75 899 77 901 ·
178 878 294 944 Tecum
314 879 400 937 simul
421 880 458 937 da
477 899 610 956 surgere:

177 959 309 1019 Terrena
329 961 367 1018 da
387 970 588 1032 contemnem

180 1042 292 1119 Amare
307 1041 346 1100 da
365 1042 508 1101 coeterna

180 1205 223 1262 Sit
244 1204 306 1262 laus
327 1204 419 1274 Patri;
445 1204 507 1262 laus
528 1204 609 1276 Filio,

179 1285 240 1357 Qui
260 1303 323 1355 nos,
344 1285 517 1360 triumphata
537 1304 617 1356 nece,

181 1367 229 1424 Ad
249 1375 326 1424 astra
345 1385 444 1425 secum
465 1366 524 1424 dux
545 1377 643 1426 vocat:

179 1447 309 1524 Compar
329 1449 380 1506 tibi
400 1447 471 1519 iaus,
494 1448 624 1524 Spiritus.

350 1800 439 1863 Min
462 1801 493 1861 6.

118 1942 121 1955 '
185 1967 214 2024 s,
242 1965 416 2043 JOANNIS
448 1963 654 2024 mosrom

208 2111 297 2156 ANTE
319 2110 451 2157 PORTAM
473 2109 636 2154 LATINAM.

113 2250 158 2290 ΑΙ)
180 2248 294 2292 PRIMAS
317 2249 359 2292 ET
383 2246 545 2292 sncUNDAS
569 2246 731 2292 VESPERAS.

102 2400 211 2458 Urbem
233 2401 407 2458 Romuleam
427 2400 493 2476 quis
517 2401 594 2460 furor
614 2400 730 2457 incitati

103 2481 207 2540 Christi
229 2483 385 2558 discipulus
407 2481 533 2540 Caesare
551 2481 647 2559 judice

103 2563 263 2622 Damnatus
283 2563 405 2638 rapitur:
433 2563 474 2619 nil
494 2561 661 2622 venerabilis

184 2645 297 2703 Frontis
318 2645 435 2702 canities
456 2655 561 2703 movet.

104 2807 137 2862 In
159 2807 270 2865 fervens
291 2807 347 2864 olei
369 2807 518 2882 conjicitur
539 2824 634 2864 mare:

104 2887 153 2944 Nil
174 2897 270 2948 aestus
291 2888 396 2957 nocuit,
419 2887 538 2946 flamma
558 2887 610 2945 sed
630 2885 736 2959 hospiti

105 2967 199 3027 Parcit
219 2969 326 3027 blanda
347 2985 417 3039 su0;
447 2987 501 3027 ceu
522 2968 601 3043 pugil
622 2967 744 3042 ungitur,

186 3049 264 3109 Hinc
285 3061 314 3108 et
335 3048 435 3108 sortior
455 3049 541 3108 exilit.

765 3130 901 3431 X(
