1906 3592
159 248 215 305 180

436 275 444 291 ·
470 242 645 322 Pontificum.
671 311 676 321 „

238 408 283 465 Fit
303 406 399 484 gregis
420 417 527 484 pastor,
548 419 629 485 pater
650 419 737 484 atque
758 406 869 467 forma:

237 487 343 548 Laetus
364 490 503 565 impendit
525 508 584 559 sua,
607 508 712 566 seque;
741 509 839 548 servus

237 571 385 640 Omnium,
407 572 482 628 curis
502 572 604 646 gravis,
626 572 820 648 omnibusque

317 651 424 710 Omnia
444 651 544 710 factus.

238 811 295 871 Pro
315 814 371 872 reis
392 824 462 884 orat,
483 814 573 872 reficit
593 824 752 889 gementes

238 892 327 969 Erigit
348 895 453 970 lapsos,
474 895 664 971 tenebrasque
685 896 780 971 pellit;

238 974 283 1032 Fit
303 985 406 1051 potens
427 976 523 1046 verbo,
545 976 629 1034 docet
650 977 714 1046 alta,
736 994 858 1053 pravum

319 1056 448 1115 Conterit
469 1056 591 1115 hostem.

238 1215 296 1275 Fac
317 1227 349 1276 ut
370 1219 443 1277 illius
463 1219 597 1294 precibus
616 1221 756 1296 juvemur,

238 1298 368 1371 Christe;
390 1299 436 1359 fac
456 1299 579 1370 Patrem,
600 1301 761 1376 pariterque
783 1311 881 1358 tecum

240 1380 377 1455 Spiritum
396 1382 458 1457 jugi
479 1382 657 1439 celebremus
678 1382 787 1456 hymno

321 1461 416 1520 Omne
437 1480 489 1537 per
510 1480 620 1521 aevum.

388 1803 433 1846 AD
455 1800 608 1846 OFFICIUM
630 1800 725 1843 NocT.

242 2012 362 2081 Christe,
385 2011 500 2070 decreto
522 2010 612 2068 Patris
633 2011 776 2068 institutus

240 2092 371 2150 Pontifex
394 2111 517 2162 summo
539 2092 597 2161 tibi,
619 2093 669 2167 qui
690 2091 789 2149 fideles

240 2174 324 2245 Quos
345 2175 424 2249 legis,
446 2173 554 2231 formas
575 2172 689 2248 populis
710 2173 844 2247 regendis

322 2255 388 2330 Ipse
409 2255 570 2312 ministros:

241 2415 329 2474 Hunc
349 2418 427 2492 juvat
448 2416 521 2475 festo
542 2415 684 2473 celebrare
706 2425 800 2481 cantu,

241 2497 300 2568 Qui
322 2497 386 2556 licet
406 2498 519 2573 magnis
539 2496 646 2554 meritis
668 2496 827 2565 abundans,

240 2578 325 2637 Flens
346 2590 374 2636 et
395 2579 505 2648 invitus,
526 2578 598 2636 duce
619 2587 655 2647 te,
678 2578 858 2635 tremendum

322 2660 450 2736 Sumpsit
471 2660 619 2718 honorem.

242 2820 369 2881 Noverat
390 2823 502 2899 quantis
523 2832 620 2897 pateat
640 2821 753 2896 periclis

242 2901 301 2974 Ille,
322 2904 371 2980 qui
393 2922 522 2962 summos
543 2904 639 2978 apices
660 2903 790 2976 adeptus,

241 2984 381 3042 Omnium
402 3003 493 3055 curas,
514 2985 567 3043 sibi
588 2994 686 3059 raptus
707 2984 764 3051 uni,

321 3066 446 3124 Sustinet
466 3083 576 3123 omnes.
