1950 3600
184 280 186 289 ’
279 267 317 325 In
331 265 412 326 Festo
428 264 560 342 Corporis
576 263 692 325 Christi.
760 293 763 301 ·
828 280 883 342 275

168 418 270 477 Noctis
290 416 422 476 recolitur
442 433 534 474 coena
554 414 715 484 novissima,

167 501 235 573 Qua
256 499 386 558 Christus
400 496 523 556 creditm
543 513 652 573 agnum
672 506 701 554 et
721 513 823 572 azyma

166 581 289 647 Dedisse
310 580 450 645 fratribus,
469 579 551 656 juxta
570 577 697 654 legitima

247 663 350 721 Priscis
375 660 483 719 indulta
506 660 642 735 panibus.

164 826 233 883 Post
254 842 362 907 agnum
382 823 518 900 typicum,
540 821 659 896 expletis
681 821 779 897 epulis,

164 907 280 982 Corpus
299 905 487 969 Dominicum
508 904 607 961 datum
628 903 781 978 discipulis,

164 988 211 1045 Sic
233 997 328 1057 totum
344 986 486 1056 omnibus,
502 985 582 1062 quod
602 993 694 1042 totum
715 985 841 1059 singulis,

242 1069 312 1145 Ejus
333 1068 455 1133 fatemur
475 1067 616 1124 manibus.

160 1231 248 1288 Dedit
268 1229 417 1307 fragilibus
437 1230 564 1305 corporis
585 1227 733 1298 ferculum,

161 1312 249 1370 Dedit
269 1323 298 1371 et
318 1311 446 1373 tristibus
466 1309 612 1386 sanguinis
632 1308 778 1384 poculum,

160 1393 276 1464 Dicens,
298 1393 429 1468 Accipite
449 1393 529 1469 quod
548 1389 631 1449 trado
651 1390 807 1460 vasculum,

243 1474 354 1534 Omnes
375 1492 410 1532 ex
433 1491 468 1532 eo
489 1473 585 1531 bibite.

159 1638 206 1696 Sic
228 1637 396 1696 sacrificium
417 1635 494 1695 istud
515 1634 641 1706 instituit,

158 1718 249 1794 Cujus
271 1719 397 1776 officium
417 1717 558 1775 committi
578 1717 665 1775 voluit

158 1800 233 1858 Solis
254 1799 435 1876 presbyteris,
458 1799 562 1875 quibus
584 1797 626 1857 sic
647 1799 784 1874 congruit,

239 1880 279 1939 Ut
300 1890 423 1969 sumant,
444 1890 473 1938 et
494 1880 562 1938 dent
583 1880 692 1938 ceteris.

157 2042 243 2101 Panis
265 2042 410 2117 angelicus
431 2042 462 2099 fit
482 2042 566 2117 panis
587 2040 753 2099 hdminum:

153 2123 211 2181 Dat
231 2124 313 2199 panis
335 2124 458 2182 coelicus
480 2122 577 2199 figuris
597 2123 768 2182 terminum:

150 2203 183 2265 ,Ο
204 2224 249 2263 res
269 2205 414 2276 mirabilis,
436 2206 592 2263 manducat
612 2202 771 2262 Dominum

236 2286 357 2362 Pauper,
380 2304 486 2358 servus,
508 2295 537 2344 et
557 2284 679 2344 humilis.

154 2447 200 2504 Te
220 2449 292 2506 trina
313 2448 412 2507 Deitas
433 2466 549 2524 unaque
569 2447 726 2524 poscimus,

154 2529 201 2586 Sic
222 2547 276 2587 nos
297 2539 328 2587 tu
348 2530 436 2601 visita,
459 2532 580 2590 sicutte
601 2528 739 2588 colimus:

152 2609 207 2666 Per
227 2620 290 2670 tuas
312 2611 427 2671 semitas
448 2611 504 2670 duc
525 2628 579 2670 nos
598 2627 658 2686 quo
678 2607 829 2679 tendimus,

232 2691 280 2750 Ad
300 2693 402 2764 lucem,
424 2710 511 2768 quam
533 2691 683 2751 inhabitas.
