1906 3592
163 234 217 290 ¹90
449 212 595 284 Abbatum,
616 221 660 273 etc.
752 213 757 224 '

196 379 336 436 Aeternas
357 385 388 433 ut
408 393 488 452 opes,
510 387 643 453 certaque
662 377 771 453 gaudia

199 459 296 517 Secrui
317 458 435 533 rapiant,
457 458 555 516 omnia
574 457 683 517 ludicra

278 539 357 597 Sano
377 548 493 615 pectore
513 549 653 611 temnunt,

277 620 388 679 Confisi
408 620 581 679 melioribus.

197 767 255 826 Illis
277 785 391 826 summa
411 767 462 825 fuit
481 767 581 842 gloria,
603 767 728 843 despici;

197 848 256 907 Illis
277 849 398 919 divitiae,
419 848 586 924 pauperiem
606 849 681 923 pati;

277 931 337 988 Illis
358 948 472 988 summa
491 929 631 1005 voluptas,

277 1011 381 1087 Longo
402 1011 542 1086 supplicio
562 1011 644 1068 mori.

195 1157 253 1215 Fae
273 1174 336 1227 nos,
358 1174 470 1215 summe
491 1155 580 1225 Deus,
602 1173 676 1230 quae
696 1156 823 1232 patimur
843 1160 919 1217 mala

196 1238 231 1295 In
251 1256 377 1314 poenam
399 1237 537 1296 scelerum
558 1236 630 1295 ferre
652 1237 803 1310 libentius;

276 1319 314 1377 Et
334 1319 432 1377 tellure
453 1318 557 1388 relicta,

276 1401 453 1459 Immortalia
473 1417 616 1475 quaerere.

193 1548 335 1604 Aetemus
356 1547 392 1604 sit
412 1545 506 1603 honos
527 1546 654 1620 ingenito
676 1544 752 1602 Patri
763 1564 771 1616 ;

196 1627 237 1684 Sit
257 1645 309 1702 par
329 1627 471 1702 unigenae
491 1626 583 1701 gloria
602 1624 693 1683 Filio:

276 1707 355 1767 Sacri
375 1724 466 1766 nexus
487 1709 602 1778 amoris,

275 1789 352 1848 Laus
373 1808 491 1865 compar
511 1790 571 1859 tibi,
593 1789 721 1863 Spiritus.

452 2069 498 2111 AD
526 2067 663 2112 LAUDES.

433 2235 494 2294 Pro
516 2235 666 2296 Coenobz'ta.

194 2383 221 2442 Ο
243 2382 375 2458 pulchras
396 2380 480 2450 acies,
502 2390 650 2454 castraque
672 2379 763 2452 fortia,

194 2465 277 2537 Quae
299 2481 374 2539 spes,
395 2480 453 2519 una
473 2462 553 2531 fides,
575 2479 648 2519 unus
670 2479 751 2520 amor
771 2464 861 2537 regit!

275 2544 385 2605 Omnes
406 2543 470 2618 lege
492 2544 545 2600 sub
566 2560 631 2612 una,

273 2625 341 2683 Uno
363 2626 417 2683 sub
438 2625 510 2683 duce
530 2624 659 2681 militant.

194 2789 279 2848 Heu!
302 2788 415 2864 quantis
435 2787 548 2862 rapiunt
569 2795 645 2844 astra
665 2785 828 2844 laboribus!

192 2872 299 2928 Pusant
320 2869 464 2944 perpetuis
486 2867 633 2942 questibus
654 2865 776 2935 aethera,

273 2951 327 3008 Per
345 2950 453 3026 jejunia
473 2948 561 3022 longa

272 3031 356 3090 Vires
376 3029 503 3104 corporis
524 3037 654 3086 atterunt.
