1950 3600
207 253 263 315 SS.
285 250 416 326 Philippi
432 256 457 307 et
468 246 575 326 jacobi.

154 443 223 502 Illos
243 440 380 515 magister
400 437 450 513 qui
471 436 568 506 doces,

155 524 203 582 Tu
224 523 345 591 Christe,
368 528 399 576 tu
419 536 474 576 nos
495 517 592 586 erudi:

155 604 275 680 Siquid
296 603 371 671 latet,
392 609 424 657 tu
445 600 564 674 detege3

155 688 263 744 Amare
285 685 323 742 da
342 681 422 758 quod
441 682 502 757 jam
524 688 609 755 patet.

156 849 211 919 Da,
233 846 354 915 Christe,
375 861 430 901 nos
450 852 546 901 tecum
567 839 656 910 mori3

158 930 272 988 Tecum
294 925 382 985 simul
403 925 440 983 da
462 940 595 998 surgere:

158 1010 287 1069 Terrena
309 1008 346 1065 da
367 1015 571 1074 contemnere}

159 1093 267 1150 Amare
289 1090 326 1148 da
347 1088 489 1146 coelestia.

160 1255 201 1312 Sit
221 1253 284 1311 laus
305 1250 398 1321 Patri余
425 1249 488 1306 laus
508 1245 598 1316 Filio余

160 1334 220 1406 Qui
240 1351 303 1402 nos,
325 1330 497 1406 triumphata
516 1345 597 1397 nece,

161 1416 209 1474 Ad
229 1423 304 1473 astra
326 1431 425 1472 secum
445 1411 504 1470 dux
525 1417 623 1467 vocat:

161 1496 289 1572 Compar
309 1495 360 1552 tibi
380 1495 451 1564 laus,
474 1491 603 1567 Spiritus

230 1836 276 1878 AD
297 1831 451 1877 OFFICIUM
473 1829 571 1873 NOCT.

164 2037 312 2096 Praedicta
333 2034 438 2093 Christi
457 2050 537 2090 mors
558 2031 654 2102 adest3

165 2120 205 2177 At
224 2137 276 2176 vos
301 2117 395 2175 timori
416 2115 539 2190 parcite:

166 2200 215 2257 Nil
235 2199 311 2269 inde,
333 2197 373 2254 nil
394 2213 476 2254 caros
497 2196 562 2270 pius

166 2281 304 2339 Remittet
324 2280 354 2336 in
374 2277 473 2335 fratres
494 2293 583 2345 amor,

167 2443 275 2500 Durate
296 2440 384 2498 fortes
395 2459 402 2510 余
425 2438 517 2495 irritos

167 2523 272 2581 Mundi
292 2521 429 2579 tumultus
451 2518 592 2594 spernite:

168 2605 234 2663 Deo
254 2603 375 2673 volente,
397 2600 501 2658 turbini

169 2687 276 2744 Serena
297 2684 431 2742 succedet
452 2681 522 2739 dies

169 2847 252 2907 Coeli
272 2863 398 2921 perenne
418 2842 556 2920 gaudium

172 2929 314 2987 Solabitur
335 2926 427 2984 luctus
447 2925 547 2981 breves
556 2939 564 2991 余

173 3010 293 3068 Brevem
314 3005 490 3081 triumphum
512 3000 599 3061 seculi

172 3092 313 3149 Aetemus
335 3089 436 3147 obruet
456 3085 546 3144 dolor.

741 256 794 315 117
