1950 3600
351 250 390 311 In
410 248 491 310 Festo
514 245 669 311 Irrirr‘tatr's.
815 290 822 303 ι
878 256 916 333 99

155 418 280 476 Persona
299 415 418 491 triplex:
439 431 497 473 una
515 412 610 491 jungit
630 414 742 488 Unitas,

155 499 189 556 In
209 499 292 556 Patre
314 515 429 572 semper
449 496 560 567 Natus3
581 498 612 554 in
632 496 712 556 Nato
731 498 831 573 Pater;

155 580 281 656 Uterque
302 596 385 637 sacro
406 595 520 653 semper
540 587 585 636 est
603 579 634 635 in
655 579 779 655 Spiritu3

155 661 189 718 In
209 662 292 720 Patre
311 677 435 735 semper,
456 660 543 735 inque
564 658 643 718 Nato
665 660 794 736 Spiritus.

158 824 212 882 Sed
231 817 326 880 nullus
348 822 452 879 horum
472 821 629 897 quemlibet
648 822 743 894 vincit,
763 825 855 899 gradu

156 905 209 964 Vel
227 905 322 980 major
342 912 427 974 extat,
448 903 491 961 vei
512 903 590 980 prior
610 905 754 978 potentia:

156 986 282 1063 Aequale
301 996 433 1060 regnum,
452 1003 563 1061 parque
582 986 718 1061 majestas
739 987 832 1057 trium,

157 1068 245 1144 Origo
265 1065 334 1124 nulli
355 1065 469 1142 dignius
491 1066 601 1124 confert
621 1067 740 1125 bonum.

156 1228 264 1287 Rerum
285 1238 401 1295 creator,
423 1223 485 1286 laus
506 1228 566 1299 tibi,
586 1229 684 1288 vivens
704 1229 804 1288 Pater:

159 1309 233 1370 Laus
254 1329 354 1386 aequa,
376 1310 518 1368 mundum
539 1311 589 1385 qui
608 1311 737 1382 redemit,
759 1311 847 1368 Filio:

160 1391 225 1463 Quo
244 1410 299 1450 nos
321 1392 451 1467 supernis
472 1392 586 1467 ignibus
608 1393 816 1463 succendimur,

160 1472 284 1550 Compar
303 1473 333 1530 in
354 1490 457 1531 aevum
478 1473 600 1531 Flamini
621 1474 657 1532 sit
677 1474 776 1549 gloria.

415 1830 460 1872 AD
483 1829 618 1875 LAUDES.

279 2032 307 2092 O
327 2032 390 2090 luce
411 2049 486 2107 quae
506 2041 555 2090 tua
575 2030 655 2103 lates

278 2114 368 2172 Beata
387 2129 503 2189 semper
523 2112 658 2184 Trinitas,

277 2195 323 2253 Te
344 2195 522 2259 confitemur,
544 2195 696 2262 credimus

278 2276 388 2352 Pioque
409 2276 496 2334 corde
517 2277 689 2351 quaerimus.

279 2438 307 2498 O
328 2448 426 2497 sancte
447 2448 612 2497 sanctorum
633 2438 733 2496 Pater!

279 2519 307 2578 O
328 2520 404 2600 Nate
425 2521 462 2579 de
483 2519 548 2577 Deo
570 2519 668 2579 Deus!

234 2638 237 2647 ·
279 2600 307 2658 O
328 2602 451 2659 caritatis
472 2600 625 2668 vinculum,

277 2679 409 2757 Jungens
429 2689 590 2758 utrumque,
613 2682 750 2758 Spiritus!

277 2841 318 2901 Ut
338 2861 371 2902 se
390 2844 467 2902 videt
486 2853 579 2902 toturn
600 2837 692 2915 Pater,

279 2923 396 2982 Coaeva
415 2925 514 2983 Proles
535 2926 659 2984 nascitur
669 2944 677 2997 3

279 3006 429 3082 Amorque
450 3023 509 3082 quo
530 3026 561 3065 se
583 3000 712 3082 diligunt,

280 3085 317 3145 Et
338 3088 400 3163 ipse
421 3088 550 3163 procedit
570 3087 660 3147 Deus·

726 3185 750 3226 11
767 3188 782 3226 2

913 3264 935 3391 i
