1950 3600
121 239 176 290 104

302 215 342 275 In
361 212 443 273 Festo
465 211 597 288 Corpon's
620 208 739 271 cham:

238 380 335 448 Visus,
356 382 458 447 tactus,
479 384 582 451 gustus
603 374 633 432 in
653 384 683 433 te
703 375 837 454 fallitur„

240 460 299 519 Sed
319 459 418 518 auditu
439 457 502 516 solo
522 466 584 515 tuto
606 456 748 515 creditur:

189 556 192 563 ·
239 541 335 600 Credo
356 539 496 616 quidquid
516 538 587 596 dixit
607 537 664 596 Dei
685 537 776 598 Filius
785 558 794 610 ;

240 623 289 681 Nil
309 622 365 680 hoc
385 619 521 679 Veritatis
540 619 629 677 verbo
648 619 753 678 verius.

238 786 274 843 In
294 801 379 843 cruce
400 781 505 840 latebat
526 781 588 840 sola
608 781 718 854 Deitas,
744 818 748 826 ι

238 867 278 924 At
298 865 345 923 hic
365 865 433 922 latet
453 861 538 921 simul
559 872 587 920 et
608 862 791 923 humanitas:
879 900 883 911 ·

236 947 335 1005 Ambo
355 955 453 1013 tamen
473 939 593 1002 credens
614 953 701 1020 atque
722 946 877 1018 confitens,

239 1029 311 1087 Peto
331 1027 410 1104 quod
430 1026 534 1102 petivit.
549 1023 637 1083 Latro
656 1023 822 1102 poenitens,

237 1191 350 1264 Plagas,
372 1189 445 1248 sicut
466 1186 607 1258 ThomaS,
628 1204 689 1246 non
710 1188 844 1262 intueor3

236 1271 333 1328 Deum
353 1279 451 1328 tamen
470 1287 570 1327 meum
590 1277 618 1326 te
639 1268 798 1328 confiteor:

237 1352 295 1409 Fac
312 1370 364 1435 me
384 1351 436 1408 tibi
456 1362 570 1425 semper
590 1349 685 1424 magis
705 1352 835 1423 credere,

236 1433 273 1490 lh
293 1442 321 1491 te
342 1451 426 1508 spem
446 1432 560 1502 habere,
581 1441 610 1490 te
631 1431 758 1506 diligere.

242 1595 270 1653 Ο
292 1593 458 1652 memoriale
478 1594 580 1654 mortis
600 1592 731 1665 Domini,

238 1676 324 1734 Panis
345 1676 432 1746 vivus,
454 1676 541 1733 vitam
560 1685 711 1751 praestans
731 1673 855 1747 homini,

238 1757 355 1815 Praesta
375 1772 459 1814 meae
479 1756 569 1814 menti
589 1756 625 1814 de
646 1764 675 1815 te
695 1756 798 1828 vivere,

239 1839 276 1895 Et
297 1847 325 1896 te
346 1838 385 1895 illi
405 1856 520 1913 semper
541 1837 625 1897 dulce
645 1856 757 1912 sapere.

239 2000 267 2058 Ο
288 2000 354 2059 fons
375 1999 512 2076 puritatis,
534 1998 605 2076 Jesu
624 1998 762 2070 Domine,

238 2080 289 2139 Me
310 2081 622 2139 immundum·munda
643 2090 693 2139 tuo
714 2084 867 2156 sanguine,

237 2161 328 2238 Cujus
348 2179 407 2219 una
427 2162 500 2220 stilla
521 2162 636 2221 salvum.
652 2162 745 2220 facere

238 2242 348 2301 Totum
369 2244 431 2320 quit
451 2244 488 2302 ab
509 2244 593 2309 omni¹
609 2244 752 2301 mundum
773 2247 891 2304 scelere.

236 2405 322 2482 Jesu,v
335 2424 423 2482 quem
443 2406 567 2464 velatum
587 2424 664 2464 nunc
685 2406 804 2481 aspicio,

237 2487 307 2557 Oro,
329 2487 377 2545 fiat
398 2487 466 2544 illud
488 2487 567 2564 quod
588 2498 647 2545 tam
668 2487 749 2545 sitio:
884 2482 885 2488 ’

235 2568 284 2637 Ut,
305 2578 334 2626 te
354 2569 477 2626 revelata
497 2582 617 2627 cernens
638 2568 718 2638 facie,

120 2716 122 2721 Ι
233 2640 310 2706 Visu
331 2650 386 2709 sim
406 2650 507 2709 beatus
528 2660 594 2708 tuae
615 2649 731 2725 gloriae.
