1950 3600
186 286 224 345 In
253 284 407 344 W'st'tatt'cne
426 280 464 340 B.
485 280 533 340 Μ.
562 280 592 340 V.
733 301 788 357 133

152 447 364 508 Absconditum
384 446 437 503 sub
459 445 561 503 intimo

155 529 216 588 Ceu
237 529 322 600 nube,
343 527 479 603 portabas
499 526 564 584 sinu

155 611 260 681 Solem,
282 627 336 668 suo
356 609 406 684 qui
427 607 556 683 protinus

154 691 296 750 Lustrabit
317 690 418 748 orbem
438 689 554 747 lumine.

153 853 265 911 Mundo
286 852 450 926 redemptor
470 850 520 926 qui
540 849 628 920 venis,

154 935 213 1004 Fili,
235 934 286 991 tibi
307 932 368 991 laus
388 932 515 989 maxima

154 1015 229 1073 Cum
249 1014 348 1072 Patre:
377 1031 431 1071 nec
452 1013 502 1070 tibi
522 1012 616 1069 minor
647 1053 649 1057 η

154 1096 239 1167 Laus,
259 1095 405 1170 utriusque
428 1093 556 1170 Spiritus.

226 1412 271 1454 AD
292 1410 445 1455 OFFICIUM
467 1410 562 1454 Nocr.

155 1627 279 1695 Montes,
301 1626 458 1701 superbum
478 1627 621 1696 verticem,

155 1707 222 1779 Qua
243 1706 334 1782 Virgo
354 1708 460 1776 transit,
483 1708 604 1777 subdite,

156 1789 210 1847 Cui
231 1807 262 1847 se
283 1789 402 1846 libenter
424 1797 578 1846 sternerent

156 1870 210 1927 Vel
231 1870 294 1945 ipsa
314 1869 387 1927 coeli
409 1868 509 1927 sidera.

158 2031 278 2090 Occulta
298 2049 372 2107 quae
393 2031 460 2088 latet
481 2030 568 2100 domi,

157 2113 252 2170 Audet
273 2112 401 2184 forasse
422 2112 559 2187 prodere:
584 2176 586 2181 ¹

159 2193 278 2269 Semper
299 2194 353 2251 sibi
373 2193 477 2250 timens
498 2193 593 2268 pudor

158 2273 194 2332 Se
216 2275 330 2332 caritate
351 2274 483 2349 protegit,

157 2437 183 2493 It
203 2436 259 2506 illa,
280 2453 339 2493 non
359 2436 445 2493 nectit
465 2452 579 2492 moras:
603 2502 606 2507 ¹

157 2517 240 2592 Fugit
260 2517 356 2586 videri,
377 2534 430 2574 nec
451 2516 546 2573 minus

158 2598 242 2673 Fugit
262 2598 358 2667 videri,
379 2616 416 2656 ne
438 2615 492 2656 suo

158 2678 325 2755 Quidquam
346 2679 448 2754 pudori
470 2677 606 2736 detrahat.

158 2841 247 2898 Beata
267 2859 354 2916 quam
375 2841 477 2916 pressit
497 2839 581 2915 pede,

158 2921 273 2980 Tellusl
301 2923 386 2980 beata
406 2921 523 2979 semita!

159 3002 255 3061 Colles
275 3004 361 3073 beati,
382 3003 431 3077 qui
452 3001 537 3059 simul

161 3083 237 3142 Cum
257 3094 347 3142 matre
368 3083 494 3142 sensistis
515 3081 628 3140 Deuml
