1906 3592
263 257 358 317 Missa
372 259 404 316 da
418 257 520 334 Septem
534 259 693 319 Doloribus.
813 268 871 337 383

142 543 267 602 MISSA
292 543 347 601 DE
372 541 536 600 SEPTEM
562 542 797 603 DOLORIBUS

320 666 352 723 B.
369 664 412 722 M.
426 663 624 722 VIRGINIS.

234 814 331 870 Stabat
353 811 448 868 Mater
469 811 611 880 dolorosa,

230 894 316 970 Juxta
336 910 452 950 cmcem
473 893 643 966 lacrymosa,

271 974 350 1032 Dum
372 973 516 1048 pendebat
537 973 624 1030 Filius
635 993 643 1043 ;

231 1055 321 1131 Cujus
342 1056 468 1112 animam
489 1064 663 1130 gementem,

231 1136 453 1194 Contristantem
474 1146 502 1193 et
524 1135 680 1204 dolentem,

270 1217 449 1275 Pertransivit
469 1217 590 1291 gladius.

228 1349 255 1405 O
276 1366 364 1422 quam
385 1348 469 1404 tristis
491 1357 519 1404 et
541 1345 645 1405 afflicta

227 1429 291 1486 Fuit
311 1429 359 1485 illa
377 1428 528 1485 benedicta

267 1510 360 1567 Mater
381 1509 536 1583 Unigeniti,

228 1590 311 1661 Quae
332 1591 480 1648 moerebat
501 1600 529 1647 et
550 1589 665 1646 dolebat

226 1671 262 1728 Et
274 1672 430 1739 tremebat,
452 1689 518 1728 eum
540 1670 653 1727 videbat

264 1753 331 1810 Nati
352 1769 462 1827 poenas
484 1751 588 1824 inclyti.

224 1884 297 1954 Quis
318 1892 361 1940 est
382 1882 472 1939 homo
493 1882 622 1956 quinon
644 1881 732 1952 fleret,

224 1964 328 2022 Christi
347 1973 468 2020 matrem
490 1964 514 2020 si
534 1961 640 2018 videret

263 2046 296 2101 ln
317 2055 397 2102 tanto
412 2044 570 2119 supplicio:

222 2127 294 2198 Quis
315 2135 414 2201 posset
435 2143 495 2182 non
516 2124 674 2182 contristari

222 2209 301 2265 Piam
322 2216 442 2264 matrem
463 2205 659 2279 contemplari,

241 2288 415 2346 ·Dolentem
436 2305 503 2344 eum
524 2286 615 2343 Filio!

221 2419 275 2477 Pro
295 2416 421 2494 peccatis
443 2434 511 2474 suae
532 2415 634 2491 gentiS,

218 2500 297 2558 Vidit
317 2500 418 2576 Jesum
438 2499 468 2554 in
492 2496 649 2565 tormentis,
744 2553 747 2558 ,

257 2581 295 2637 Et
316 2579 434 2654 flagellis
456 2578 619 2636 subditum:

218 2663 298 2720 Vidit
319 2679 403 2719 suum
425 2661 539 2718 dulcem
559 2667 658 2714 natum

171 2750 174 2820 ζ
215 2742 396 2811 Morientem,
418 2741 586 2807 desolatum,

254 2825 334 2881 Dum
352 2823 447 2880 emisit
468 2821 606 2897 spiritum.

172 2965 175 2974 ‘
213 2957 267 3013 Eia
288 2956 389 3025 Mater,
411 2953 475 3011 sons
497 2951 611 3020 amoriS‚
635 2962 648 3008 ’.

213 3037 263 3095 Me
285 3037 389 3095 sentire
410 3035 467 3091 vim
488 3032 603 3101 doloris,

252 3119 310 3175 Fac
331 3127 362 3175 ut
382 3127 478 3174 tecum
499 3115 614 3188 lugeam
