1906 3592
130 257 169 309 80

355 247 393 306 In
418 247 543 323 Tempore
562 247 708 309 Paschalr'.

158 404 163 418 '
252 412 382 470 Granum
404 411 466 470 solo
487 411 672 470 reconditum*

252 494 332 551 Iners
353 511 469 550 manere
491 509 550 549 non
571 502 668 566 potest
679 512 687 564 ;

250 575 306 632 Vix
327 585 472 632 mortuum
491 574 552 648 jam
573 575 732 648 germinat:

251 655 329 713 Hinc
350 666 457 731 quanta
476 644 719 731 pullulat'segesi

252 817 320 875 Non
341 817 521 875 destruuntur
542 815 650 887 funere,

251 899 309 957 Sed
331 899 506 957 seminantur
526 914 648 972 corpora
659 918 667 969 3

251 980 330 1038 Fecit
351 978 517 1055 resurgendi
538 979 613 1035 viam

252 1061 377 1137 Surgens
398 1062 435 1118 ab
458 1059 554 1118 inferis
576 1059 666 1119 Deus.

251 1223 347 1280 Affixa
368 1240 434 1281 cum
456 1220 570 1279 Christo
590 1223 676 1291 cruci,

249 1304 364 1363 Christo
384 1320 451 1360 caro
471 1313 660 1374 commortua,

250 1385 287 1442 Et
308 1386 370 1460 ipsa
390 1394 485 1458 surget
506 1383 664 1458 splendidis

249 1466 353 1524 Christi
375 1464 478 1522 decora
500 1465 622 1522 dotibus.

249 1628 303 1697 Da,
326 1627 446 1697 Christe,
468 1643 521 1683 nos
542 1636 639 1684 tecum
660 1626 733 1684 mori
744 1645 751 1695 ;

250 1708 362 1765 Tecum
384 1708 467 1766 simul
488 1708 525 1764 da
546 1726 681 1782 surgere:

250 1788 378 1846 Terrena
399 1789 436 1847 da
458 1798 658 1858 contemnere;

250 1872 355 1927 Amare
377 1870 414 1927 da
435 1870 575 1928 coelestia.

250 2032 291 2089 Sit
312 2032 372 2089 laus
395 2030 487 2101 Patri;
509 2032 570 2089 iaus
592 2030 672 2102 Filio,

249 2112 308 2183 Qui
329 2131 390 2181 nos
413 2112 584 2188 triumphata
604 2131 683 2185 nece,

222 2212 226 2221 “
249 2195 296 2251 Ad
317 2205 392 2252 astra
413 2212 511 2251 secum
532 2196 590 2253 dux
612 2208 713 2255 vocat:

250 2275 376 2351 Compar
397 2276 447 2332 tibi
468 2276 538 2346 laus,
560 2275 688 2350 Spiritus.

251 2496 295 2537 AD
317 2493 457 2557 PR1MAM,
480 2494 642 2560 TERTIAM,
665 2498 792 2542 SEXTAM

427 2579 469 2622 ET
492 2581 618 2625 NONAM.

795 2530 805 2562 ²

343 2699 392 2775 (In
406 2698 493 2774 finem
515 2699 710 2778 Hymnorum.)

249 2828 304 2898 Da,
326 2828 446 2900 Christe,
470 2845 524 2885 nos
545 2837 641 2884 tecum
662 2831 735 2886 mori
747 2849 754 2899 ;

250 2910 360 2967 Tecum
381 2908 465 2966 simul
486 2908 523 2965 da
544 2927 675 2983 surgere:

250 2990 375 3048 Terrena
397 2990 434 3047 da
456 2998 655 3059 contemnere;

250 3074 354 3129 Amare
375 3070 413 3128 da
434 3068 575 3129 coelestia.
