1950 3600
306 97 452 177 Abbalum,
473 104 517 156 etc.

55 259 136 318 Votis
157 261 316 331 unanimes,
337 261 364 319 vi
386 279 502 336 quoque
523 260 641 320 fletuum

55 342 172 412 Instant,
193 351 222 400 et
242 342 335 401 socias
356 343 534 417 ingeminant
554 361 660 420 preces,
743 384 748 394 ι

132 423 170 480 Et
190 423 381 482 concordibus
402 425 488 481 armis

133 504 202 562 Vim
222 503 305 563 coelo
326 505 410 564 simul
430 504 561 562 inferunt.
611 543 615 548 -

56 667 137 725 Haec
157 667 199 725 vis
220 676 300 742 grata
314 666 403 725 beo:
424 667 465 725 sic
487 678 564 725 amat
584 669 711 744 optimus

55 747 138 807 Vinci
158 765 210 824 per
230 748 379 823 lacrymas,
400 765 451 824 per
472 749 603 823 gemitus,
625 750 726 808 Pater:

135 828 182 887 Sic
204 829 282 888 duris
301 839 440 887 reseratur

134 909 257 969 Coelum
278 909 499 969 conditionibus

55 1071 174 1130 Fervent
194 1072 311 1147 quando
333 1072 379 1130 die
400 1082 503 1131 cuncta
522 1073 697 1145 tumult-ibus,

55 1153 152 1211 Altum
173 1155 255 1211 turba
276 1154 353 1212 silet:
376 1163 470 1212 cetera
490 1154 560 1212 dum
580 1165 683 1226 tacent,

134 1233 176 1292 Hi
196 1253 248 1310 per
267 1234 378 1293 cantica
398 1246 533 1311 rumpunt

134 1315 236 1374 Noctis
257 1316 345 1392 longa
365 1316 484 1375 silentia.

55 1477 176 1534 Exercet
197 1477 296 1552 vigiles
316 1478 469 1537 continuus
490 1479 587 1549 labor;

46 1558 229 1616 ·Incumbunt
249 1560 330 1634 operi
350 1577 410 1617 non
430 1559 537 1618 resides
558 1578 660 1618 manus
671 1581 678 1633 ;

136 1639 235 1696 Tellus
256 1641 331 1698 culta
351 1641 461 1699 colonis

138 1719 256 1778 Victum
278 1722 441 1797 suppeditat
462 1723 528 1780 suis.

56 1880 134 1952 Quin
155 1882 255 1956 regina
275 1883 319 1940 sui
340 1901 423 1942 mens
445 1901 560 1959 quoque
582 1884 718 1955 subditur,

56 1961 244 2037 Rectorisque
266 1964 360 2023 studet
380 1965 495 2024 nutibus
517 1965 655 2040 obsequi:

136 2043 185 2101 Nil
207 2053 298 2102 servat
319 2045 373 2103 sibi
392 2046 470 2122 juris

135 2124 230 2200 Capto
251 2125 365 2185 liberior
384 2128 463 2204 jugo.

53 2285 195 2344 Aeternus
217 2287 252 2345 sit
272 2287 367 2346 honos
388 2288 516 2363 ingenito
537 2287 629 2345 Patri:

56 2365 97 2424 Sit
118 2385 170 2443 par
191 2368 333 2443 unigenae
354 2370 445 2445 gloria
466 2367 555 2427 Filio:

137 2447 216 2506 Sacri
236 2468 328 2508 nexus
350 2451 463 2520 amoris,

136 2528 215 2588 Laus
236 2549 355 2607 compar
375 2532 434 2603 tibi,
458 2531 586 2606 Spiritus.
