1950 3600
309 271 463 331 Domznr'cu.

154 435 213 506 Qui
234 436 357 493 caritatis
377 437 491 494 vinculo

155 517 231 574 Cum
253 516 336 574 Patre
357 518 447 574 nectis
470 518 580 589 Filium,

129 633 133 639 ’
156 598 193 655 Et
213 615 267 655 nos
289 599 395 655 amoris
416 600 509 656 mutui

155 680 248 737 Arctis
269 688 373 754 coapta
393 681 523 738 nexibus,

155 810 219 869 Deo
240 810 316 869 Patri
338 813 373 870 sit
394 813 493 886 gloria,

157 892 286 967 Ejusque
308 893 361 950 soli
382 893 463 963 Filio,

156 973 261 1032 Sancto
282 975 367 1032 simul
387 992 454 1030 cum
477 973 590 1049 Spiritu,

156 1053 249 1124 Nunc,
271 1065 299 1112 et
319 1073 371 1130 per
391 1073 479 1113 omne
500 1056 636 1114 seculum.

247 1216 307 1273 Per
327 1216 539 1274 Hebdomadum.

289 1347 335 1388 AD
356 1346 497 1389 sExTAM.

156 1450 223 1526 Jam
244 1450 312 1508 solis
333 1451 480 1509 excelsum
499 1450 583 1526 jubar

158 1531 236 1590 Toto
258 1543 389 1589 coruscat
410 1532 517 1589 lumine
528 1550 535 1601 ;

159 1613 301 1688 Sinusque
322 1612 452 1688 pandens
474 1630 585 1682 aurem,

159 1695 252 1769 ignita
272 1696 363 1752 vibrat
384 1695 501 1769 spicula.

158 1824 215 1894 Tu,
238 1825 358 1895 Christe,
381 1826 430 1901 qui
451 1825 593 1883 mundum
614 1844 696 1896 nova,

160 1906 210 1963 Sol
230 1924 320 1975 verus,
343 1906 476 1964 accendis
498 1906 568 1976 face,

159 1987 217 2045 Fac
238 1996 335 2044 nostra
355 1988 471 2063 plenam
492 1988 594 2045 caritas

160 2067 325 2125 Crescendo
347 2078 443 2143 surgat
465 2069 502 2126 ad
524 2069 608 2126 diem.

160 2201 224 2258 Deo
246 2200 322 2257 Patri
343 2202 378 2258 sit
399 2201 497 2274 gloria,

160 2281 289 2358 Ejusque
310 2283 362 2339 soli
384 2281 464 2351 Filio,

162 2362 267 2420 Sancto
289 2363 373 2419 simul
395 2381 462 2420 cum
484 2361 597 2438 Spiritu,

162 2443 255 2513 Nunc,
277 2453 305 2501 et
326 2462 377 2518 per
398 2461 485 2501 omne
507 2444 642 2501 seculum.

252 2622 313 2679 Per
334 2622 546 2680 Hebdomadam.

302 2753 347 2794 AD
369 2752 497 2796 NONAM.

164 2855 292 2913 Labente
312 2856 373 2930 jam
395 2855 463 2913 solis
485 2858 555 2924 rot'a,

164 2937 284 2994 Inclinat
305 2938 334 2993 in
356 2946 471 2994 noctem
493 2937 572 3005 dies;

165 3018 212 3075 Sic
234 3019 290 3075 vita
311 3036 475 3094 supremam
497 3019 553 3074 cito

164 3099 291 3157 Festinat
311 3100 349 3157 ad
369 3109 476 3156 metam
497 3097 596 3173 gradu.
