1950 3600
184 243 223 301 In
246 241 425 303 Conversrcne
446 240 478 300 S.
496 242 594 300 Pauli.
739 255 793 315 107

154 406 220 484 Jam
241 406 331 465 tendit
350 404 480 464 imbelles
501 423 620 476 manus;

144 488 221 566 'Jam
242 487 315 546 colla
336 487 476 546 submittit
495 488 583 563 jugo:

156 570 281 644 Stupens
299 570 383 644 jacet,
405 568 510 626 clamat
530 578 672 626 tremens:

154 650 243 722 Quid,
265 649 387 720 Christe,
409 650 479 727 quid
500 651 589 707 victor
608 649 712 725 jubes?

156 811 200 874 Ex
221 813 304 870 hoste
325 812 416 882 miles,
438 829 474 870 ex
496 811 565 887 lupo

156 894 267 968 Agnus
289 893 371 968 gregi
392 911 423 950 se
445 893 581 964 devovet;

157 973 195 1033 Et
214 982 312 1049 raptor
332 975 395 1048 ipse
415 974 506 1032 nobili

157 1054 270 1131 Raptus
290 1055 437 1131 triumpho
458 1057 576 1114 ducitur.

156 1218 184 1276 Ο
205 1217 282 1275 celsa
302 1217 461 1288 cedrorum,
483 1217 573 1288 Deus,

159 1299 217 1370 Qui
238 1317 309 1357 voce
331 1299 415 1357 vertis
436 1299 578 1356 culmina!

156 1379 184 1438 O
206 1381 255 1459 qui
276 1380 387 1456 potenti
408 1380 526 1456 subjicis

159 1460 273 1520 Mentes
295 1461 434 1536 superbas
455 1461 579 1536 gratiaci

161 1622 216 1693 Tu,
239 1623 348 1688 Pastor,
370 1622 497 1682 infensas
518 1634 568 1681 tuo

159 1703 243 1765 Vires
264 1704 331 1762 ovili
352 1714 484 1775 contere;

159 1784 196 1844 Et
217 1795 322 1851 nostra,
344 1786 460 1861 siquid
481 1786 603 1851 devium,

158 1867 206 1925 Ad
226 1876 255 1925 te
274 1867 389 1925 reflecte
409 1876 534 1942 pectora.

159 2027 218 2086 Uni
239 2029 275 2087 sit
296 2038 324 2087 et
345 2030 419 2087 trino
440 2029 506 2087 Deo

161 2109 302 2185 Suprema
322 2110 392 2182 laus,
414 2128 561 2168 summum
583 2110 679 2177 decus,

162 2190 207 2249 De
229 2201 317 2249 nocte¹
335 2193 384 2267 qui
405 2209 460 2251 nos
482 2193 519 2250 ad
541 2209 610 2250 suae

162 2271 276 2330 Lumen
296 2274 407 2332 vocavit
427 2273 543 2347 gloriae.
667 2279 670 2283 '

230 2514 276 2557 AD
298 2514 452 2558 OFFICIUM
473 2514 568 2559 Nocr.

162 2665 246 2736 Quos
266 2665 297 2722 in
317 2665 423 2736 hostes,
447 2665 540 2737 Saule,
561 2666 675 2725 tendis?

163 2745 232 2817 Quo
253 2746 348 2804 furore
369 2748 514 2822 percitus?

164 2827 319 2885 Immolare
340 2829 410 2904 quid
430 2838 473 2886 tot
493 2829 576 2886 ardes

164 2908 337 2967 Innocentes
358 2910 506 2968 victimas?

34 2970 38 2980 ’
95 3032 97 3034 -
164 2989 349 3067 Insequendo
371 3009 458 3067 quem
479 2990 604 3062 lacessis

167 3070 278 3131 Senties
298 3090 369 3130 mox
390 3072 539 3132 vindicem.
