1906 3592
64 385 147 448 Pange,
158 383 238 447 lingua,
249 383 335 447 gloriosi

64 469 153 514 Pastore
163 481 268 527 pernrsso,
280 467 351 513 minas

62 549 130 597 Patris
142 549 221 595 aeterni
233 548 320 595 Soholes
331 563 409 595 coaeva

62 632 161 684 Petrum,
172 639 268 692 tyranne,
277 632 333 693 .quid
342 633 421 679 catenis
429 633 502 680 obruis
555 667 561 679 .

62 714 134 777 Plagis
147 713 245 777 Magistri
256 715 325 760 saucia

63 796 174 842 Praedicta
185 795 264 842 Christi
276 810 334 842 mors
345 798 404 842 adest

61 877 137 924 Ptoou
149 878 239 941 maligni
250 879 320 925 cedite
330 879 414 938 spiritus

62 959 143 1005 Ptome
155 975 239 1015 vocem,
251 974 320 1014 mens,
332 975 433 1007 canoram
480 992 782 1007 .....

61 1039 177 1093 Promissa,
188 1039 257 1092 tellau,
268 1039 357 1098 concipe
368 1039 444 1101 gaudia
482 1073 781 1086 .....

61 1119 182 1172 Promittis,
193 1129 216 1165 et
226 1135 294 1166 servas
305 1120 379 1165 datam
408 1153 707 1166 .....
715 1108 719 1115 ’
774 1156 780 1169 .

60 1200 167 1264 Pugnate,
179 1200 258 1247 Christi
269 1201 347 1246 milites
406 1235 781 1249 ......

61 1282 149 1328 Pulsum
160 1282 254 1343 superuis
266 1283 350 1329 sedibus
403 1316 779 1333 ......

61 1381 114 1442 Qua
124 1381 183 1440 lapsu
194 1380 259 1427 tacito
269 1380 327 1426 stella
338 1380 459 1442 loquacibus
482 1416 781 1432 .....

61 1463 126 1524 Quae
136 1462 254 1526 gloriosum
265 1471 323 1509 tanta
333 1465 396 1510 coelis
407 1472 482 1512 evocat
555 1497 561 1511 .
629 1499 635 1510 .
702 1502 708 1513 .
775 1504 780 1515 .

61 1545 127 1604 Quae
136 1544 196 1591 stella
206 1545 252 1591 sole
262 1545 370 1605 pulchrior
403 1579 780 1596 ......

60 1628 126 1688 Quae
138 1635 159 1673 te
167 1642 207 1687 pro
218 1627 290 1688 populi
303 1629 427 1675 criminibus
438 1644 495 1675 nova
553 1663 558 1674 .
626 1662 631 1674 .
699 1664 705 1676 .
773 1667 778 1678 .

59 1709 144 1770 Quam,
157 1709 249 1765 Christe,
261 1711 347 1773 signasti
359 1710 417 1756 viam

60 1792 136 1850 Quam
148 1804 187 1836 nos
198 1799 295 1850 potenter
307 1791 372 1837 allicis
407 1824 780 1840 ......

60 1875 136 1928 Quam
147 1873 234 1932 pulchre
245 1875 339 1937 graditiu
349 1874 394 1920 filia
404 1874 508 1934 Principis
547 1910 553 1922 .
627 1910 633 1921 .
701 1909 706 1921 .
773 1909 779 1920 .

60 1955 154 2014 Quantis
164 1955 231 2001 micas
242 1955 360 2002 honoribus
402 1989 776 2003 ......

59 2038 135 2096 Qrem
146 2036 206 2083 misit
217 2037 240 2082 iu
251 2046 314 2083 terras
326 2038 384 2082 Deus
400 2070 776 2086 ......

58 2120 134 2178 Qrem
146 2133 197 2171 uox,
210 2133 276 2181 quem
287 2120 394 2173 tenebrae,
406 2119 512 2179 derasaque
523 2120 597 2167 nubila
626 2155 632 2168 .
700 2154 706 2166 .
773 2152 779 2165 .

46 2197 106 2260 'Qri
118 2199 240 2247 Christiano
250 2201 366 2265 gloriantur
374 2201 464 2247 nomine
477 2234 777 2248 .....

58 2282 120 2342 Qrid
132 2296 202 2328 moras
212 2283 296 2330 nectis?
314 2283 413 2329 Domino
421 2284 505 2343 jubenti
517 2266 520 2271 Ι
549 2318 555 2330 .
622 2318 628 2330 .
696 2318 702 2331 .
770 2317 776 2330 .

58 2366 120 2425 Quid
131 2366 238 2413 obstiruta
246 2376 331 2427 pectora

58 2447 120 2505 Quid
131 2462 219 2503 sacram,
231 2449 306 2512 Virgo,
317 2464 421 2512 generosa
430 2448 515 2510 Martyr
549 2484 555 2496 .
623 2483 629 2496 .
697 2482 703 2495 .
770 2481 776 2493 .

58 2529 120 2588 Quid
131 2538 162 2584 tu,
174 2531 248 2576 relictis
258 2533 344 2578 urbibus
398 2564 776 2581 ......

58 2610 105 2670 Qui
117 2625 156 2657 uos
167 2625 223 2657 creas
233 2610 294 2665 solus,
306 2613 368 2658 Pater
403 2645 774 2660 ......

57 2691 106 2750 Qu
116 2692 178 2738 sacris
188 2691 253 2738 hodie
263 2693 340 2738 sistitur
351 2694 391 2739 aris

57 2774 113 2833 Qris
124 2774 167 2828 ille,
178 2774 239 2834 sylvis
250 2789 262 2820 e
274 2775 414 2833 penetralibus
471 2808 774 2822 .....

56 2857 103 2916 Qui
115 2864 137 2902 te
148 2857 214 2911 Deus,
224 2858 263 2902 sub
274 2857 352 2903 intimo
395 2891 772 2907 ......

56 2938 125 2997 Qrod
136 2954 199 2987 carne
209 2940 326 2994 Christum,
338 2941 414 3003 Virgo,
425 2941 488 3001 paris,
499 2949 575 2987 vooent
621 2976 626 2986 .
695 2976 700 2988 .
769 2976 774 2987 .

56 3021 124 3082 Quod
135 3021 171 3069 lex
181 3022 314 3068 adumbravit
325 3031 383 3068 vetus
392 3056 772 3071 ......
824 3021 857 3085 64

54 3104 108 3164 Qro
119 3112 202 3151 unctus
213 3104 275 3151 ardor
285 3112 307 3150 te
318 3104 373 3163 rapit
393 3138 772 3152 ......
808 3117 854 3166 132
