1906 3592
129 241 166 300 52

345 223 383 282 Jn
407 224 511 283 octava
531 223 715 301 eptimam.

211 386 275 444 Nec
295 404 348 446 vos
369 388 447 445 irrita
468 405 535 463 spes
556 388 688 465 decipiet,
711 387 813 464 Magi余

211 467 281 538 Quo
302 468 399 528 divina
420 478 503 528 vocat
524 470 640 545 pagina,
661 470 790 528 tendite:

209 549 270 607 Illic
290 567 379 625 quem
401 568 453 610 sua
473 551 555 626 plebs
576 553 693 628 respuit,
715 553 823 610 exteris

291 630 406 708 Regem
428 651 516 691 nosse
536 631 634 690 Deum
655 633 748 691 datur.

212 794 254 852 Sit
275 795 337 854 laus
358 813 473 855 summa
493 794 578 865 Pani,
600 812 774 868 summaque
797 794 887 865 Fili0余

213 876 376 934 Amborum
398 877 433 935 sit
454 876 532 934 idem
554 876 670 952 Spiritui
692 876 791 947 decus,

212 956 280 1028 Qui,
303 957 373 1016 dum
394 958 475 1017 stella
496 958 586 1032 pedes
608 958 724 1033 praevia
746 957 852 1033 dirigit,

292 1038 361 1097 Dux
381 1049 510 1097 mentem
532 1038 632 1096 melior
652 1048 762 1097 monet.

265 1291 310 1348 IN
339 1290 510 1351 OCTAVA
538 1291 803 1350 EPIPHANIAE.

345 1449 391 1490 An
412 1445 529 1511 eninm
552 1445 714 1490 vnspnnns.

295 1585 455 1648 Clamantis
476 1602 544 1641 ecce
565 1599 621 1640 vox
644 1600 754 1641 sonans

294 1671 416 1728 Deserta
436 1665 563 1742 Judaeae
585 1665 692 1737 quatit:

296 1751 369 1808 Mox
392 1748 429 1819 ad
450 1746 595 1823 Joannem
617 1745 777 1815 confluunt,

297 1833 382 1905 Quos
404 1829 557 1887 criminum
578 1826 671 1885 moles
692 1835 801 1902 gravat.

296 1996 343 2052 En
363 1994 425 2068 ipse
446 1989 600 2064 permistus
622 1989 677 2045 reis

294 2075 416 2134 Accedit
437 2073 539 2146 Agnus
560 2070 718 2139 innocens余

295 2159 400 2232 Agnus
422 2171 476 2211 suo
497 2152 546 2226 qui
568 2152 708 2224 sanguine

299 2238 392 2296 Piabit
406 2236 484 2293 orbis
499 2233 626 2290 crimina.

298 2401 358 2459 Sub
379 2397 455 2455 nube
476 2396 570 2452 carnis
591 2402 620 2450 at
641 2410 726 2450 suum

296 2482 429 2539 Lucerna
451 2477 548 2534 Solem
569 2474 692 2548 detegit余

299 2560 439 2638 Lymphis
460 2574 515 2614 nec
536 2557 622 2614 audet
636 2556 755 2628 tingere,

299 2643 327 2700 A
348 2659 408 2717 quo
428 2639 514 2697 lavari
535 2639 641 2696 debuit.

300 2803 403 2861 Parere
424 2800 476 2859 sed
496 2799 540 2857 fas
561 2808 604 2857 est
624 2798 699 2866 De0,

300 2884 356 2942 Vel
377 2881 496 2958 quando
517 2884 581 2939 se'se
602 2879 751 2954 deprimit:

301 2964 390 3022 Hunc
411 2979 499 3022 omne
519 2962 653 3018 virtutum
674 2977 766 3034 genus

300 3045 425 3122 Implere
445 3059 551 3116 nempe
572 3043 612 3100 sic
634 3040 724 3100 decet.
