<?xml version="1.0" encoding="UTF-8"?>
<!DOCTYPE html PUBLIC "-//W3C//DTD XHTML 1.0 Transitional//EN"
    "http://www.w3.org/TR/xhtml1/DTD/xhtml1-transitional.dtd">
<html xmlns="http://www.w3.org/1999/xhtml" xml:lang="en" lang="en">
 <head>
  <title>
</title>
<meta http-equiv="Content-Type" content="text/html;charset=utf-8" />
  <meta name='ocr-system' content='tesseract 3.04.00' />
  <meta name='ocr-capabilities' content='ocr_page ocr_carea ocr_par ocr_line ocrx_word'/>
</head>
<body>
  <div class='ocr_page' id='page_1' title='image "./hymniecclesiae00churgoog_0040.png"; bbox 0 0 1950 3600; ppageno 0'>
   <div class='ocr_carea' id='block_1_1' title="bbox 327 234 473 293">
    <p class='ocr_par' dir='ltr' id='par_1_1' title="bbox 327 234 473 293">
     <span class='ocr_line' id='line_1_1' title="bbox 327 234 473 293; baseline 0.007 -2"><span class='ocrx_word' id='word_1_1' title='bbox 327 234 415 293; x_wconf 69' lang='lat' dir='ltr'><strong>Ferro</strong></span> <span class='ocrx_word' id='word_1_2' title='bbox 444 234 473 292; x_wconf 89' lang='lat' dir='ltr'><strong>V.</strong></span> 
     </span>
    </p>
   </div>
   <div class='ocr_carea' id='block_1_2' title="bbox 162 397 599 700">
    <p class='ocr_par' dir='ltr' id='par_1_2' title="bbox 162 397 599 700">
     <span class='ocr_line' id='line_1_2' title="bbox 163 397 583 456; baseline 0.005 -2"><span class='ocrx_word' id='word_1_3' title='bbox 163 397 255 454; x_wconf 87' lang='lat' dir='ltr'><strong>Menti</strong></span> <span class='ocrx_word' id='word_1_4' title='bbox 277 397 328 455; x_wconf 92' lang='lat' dir='ltr'><strong>sed</strong></span> <span class='ocrx_word' id='word_1_5' title='bbox 349 408 480 455; x_wconf 82' lang='lat' dir='ltr'>aeternae</span> <span class='ocrx_word' id='word_1_6' title='bbox 502 398 583 456; x_wconf 91' lang='lat' dir='ltr'><strong>cibus</strong></span> 
     </span>
     <span class='ocr_line' id='line_1_3' title="bbox 162 478 570 537; baseline 0.002 -2"><span class='ocrx_word' id='word_1_7' title='bbox 162 478 289 536; x_wconf 87' lang='lat' dir='ltr'><strong>Debetur</strong></span> <span class='ocrx_word' id='word_1_8' title='bbox 310 478 396 537; x_wconf 87' lang='lat' dir='ltr'><strong>alter:</strong></span> <span class='ocrx_word' id='word_1_9' title='bbox 418 479 491 537; x_wconf 88' lang='lat' dir='ltr'><strong>haec</strong></span> <span class='ocrx_word' id='word_1_10' title='bbox 513 479 570 536; x_wconf 91' lang='lat' dir='ltr'><strong>Dei</strong></span> 
     </span>
     <span class='ocr_line' id='line_1_4' title="bbox 163 559 599 618; baseline 0.005 -2"><span class='ocrx_word' id='word_1_11' title='bbox 163 559 301 617; x_wconf 85' lang='lat' dir='ltr'><strong>Sermone</strong></span> <span class='ocrx_word' id='word_1_12' title='bbox 322 560 404 616; x_wconf 86' lang='lat' dir='ltr'><strong>vivit:</strong></span> <span class='ocrx_word' id='word_1_13' title='bbox 426 560 501 618; x_wconf 92' lang='lat' dir='ltr'><strong>hanc</strong></span> <span class='ocrx_word' id='word_1_14' title='bbox 522 561 599 618; x_wconf 85' lang='lat' dir='ltr'><strong>fovet</strong></span> 
     </span>
     <span class='ocr_line' id='line_1_5' title="bbox 162 640 562 700; baseline 0 -2"><span class='ocrx_word' id='word_1_15' title='bbox 162 640 302 699; x_wconf 87' lang='lat' dir='ltr'><strong>Coelestis</strong></span> <span class='ocrx_word' id='word_1_16' title='bbox 322 650 350 698; x_wconf 89' lang='lat' dir='ltr'><strong>et</strong></span> <span class='ocrx_word' id='word_1_17' title='bbox 374 643 461 698; x_wconf 89' lang='lat' dir='ltr'><strong>nutrit</strong></span> <span class='ocrx_word' id='word_1_18' title='bbox 481 642 562 700; x_wconf 86' lang='lat' dir='ltr'><strong>fides.</strong></span> 
     </span>
    </p>
   </div>
   <div class='ocr_carea' id='block_1_3' title="bbox 144 771 588 1091">
    <p class='ocr_par' dir='ltr' id='par_1_3' title="bbox 144 771 588 1091">
     <span class='ocr_line' id='line_1_6' title="bbox 163 771 588 848; baseline 0.002 -19"><span class='ocrx_word' id='word_1_19' title='bbox 163 771 300 842; x_wconf 87' lang='lat' dir='ltr'><strong>Quaesita</strong></span> <span class='ocrx_word' id='word_1_20' title='bbox 322 771 427 829; x_wconf 76' lang='lat' dir='ltr'>Christi</span> <span class='ocrx_word' id='word_1_21' title='bbox 449 775 588 848; x_wconf 89' lang='lat' dir='ltr'><strong>sanguine</strong></span> 
     </span>
     <span class='ocr_line' id='line_1_7' title="bbox 144 853 552 924; baseline 0.007 -15"><span class='ocrx_word' id='word_1_22' title='bbox 144 853 289 911; x_wconf 70' lang='lat' dir='ltr'><strong>&#39;‘Manavit</strong></span> <span class='ocrx_word' id='word_1_23' title='bbox 310 853 341 909; x_wconf 94' lang='lat' dir='ltr'><strong>in</strong></span> <span class='ocrx_word' id='word_1_24' title='bbox 361 863 450 911; x_wconf 90' lang='lat' dir='ltr'><strong>terras</strong></span> <span class='ocrx_word' id='word_1_25' title='bbox 471 854 552 924; x_wconf 77' lang='lat' dir='ltr'><strong>fides</strong></span> 
     </span>
     <span class='ocr_line' id='line_1_8' title="bbox 160 934 507 1010; baseline 0.003 -19"><span class='ocrx_word' id='word_1_26' title='bbox 160 934 196 992; x_wconf 88' lang='lat' dir='ltr'><strong>Et</strong></span> <span class='ocrx_word' id='word_1_27' title='bbox 217 934 370 1009; x_wconf 89' lang='lat' dir='ltr'><strong>impiarum</strong></span> <span class='ocrx_word' id='word_1_28' title='bbox 390 946 507 1010; x_wconf 86' lang='lat' dir='ltr'><strong>pectora</strong></span> 
     </span>
     <span class='ocr_line' id='line_1_9' title="bbox 159 1015 560 1091; baseline 0.01 -21"><span class='ocrx_word' id='word_1_29' title='bbox 159 1015 267 1073; x_wconf 85' lang='lat' dir='ltr'><strong>Victrix</strong></span> <span class='ocrx_word' id='word_1_30' title='bbox 289 1017 403 1090; x_wconf 86' lang='lat' dir='ltr'><strong>subegit</strong></span> <span class='ocrx_word' id='word_1_31' title='bbox 423 1018 560 1091; x_wconf 89' lang='lat' dir='ltr'><strong>gentium.</strong></span> 
     </span>
    </p>
   </div>
   <div class='ocr_carea' id='block_1_4' title="bbox 159 1146 572 1465">
    <p class='ocr_par' dir='ltr' id='par_1_4' title="bbox 159 1146 572 1465">
     <span class='ocr_line' id='line_1_10' title="bbox 161 1146 544 1221; baseline 0.005 -19"><span class='ocrx_word' id='word_1_32' title='bbox 161 1146 220 1204; x_wconf 85' lang='lat' dir='ltr'><strong>Fax</strong></span> <span class='ocrx_word' id='word_1_33' title='bbox 242 1146 289 1203; x_wconf 93' lang='lat' dir='ltr'><strong>illa</strong></span> <span class='ocrx_word' id='word_1_34' title='bbox 309 1147 387 1221; x_wconf 90' lang='lat' dir='ltr'><strong>puris</strong></span> <span class='ocrx_word' id='word_1_35' title='bbox 409 1147 544 1205; x_wconf 88' lang='lat' dir='ltr'><strong>cordibus</strong></span> 
     </span>
     <span class='ocr_line' id='line_1_11' title="bbox 161 1226 572 1298; baseline 0.005 -15"><span class='ocrx_word' id='word_1_36' title='bbox 161 1226 321 1284; x_wconf 89' lang='lat' dir='ltr'><strong>Monstrare</strong></span> <span class='ocrx_word' id='word_1_37' title='bbox 343 1227 441 1285; x_wconf 91' lang='lat' dir='ltr'><strong>coelos</strong></span> <span class='ocrx_word' id='word_1_38' title='bbox 462 1228 572 1298; x_wconf 87' lang='lat' dir='ltr'><strong>efficax,</strong></span> 
     </span>
     <span class='ocr_line' id='line_1_12' title="bbox 159 1308 519 1386; baseline 0.003 -21"><span class='ocrx_word' id='word_1_39' title='bbox 159 1310 285 1386; x_wconf 60' lang='lat' dir='ltr'><strong>Aetema</strong></span> <span class='ocrx_word' id='word_1_40' title='bbox 305 1308 400 1383; x_wconf 87' lang='lat' dir='ltr'><strong>dignis</strong></span> <span class='ocrx_word' id='word_1_41' title='bbox 422 1309 519 1366; x_wconf 91' lang='lat' dir='ltr'><strong>incitat</strong></span> 
     </span>
     <span class='ocr_line' id='line_1_13' title="bbox 159 1389 531 1465; baseline 0.008 -20"><span class='ocrx_word' id='word_1_42' title='bbox 159 1389 252 1447; x_wconf 90' lang='lat' dir='ltr'><strong>Factis</strong></span> <span class='ocrx_word' id='word_1_43' title='bbox 273 1391 375 1447; x_wconf 89' lang='lat' dir='ltr'><strong>mereri</strong></span> <span class='ocrx_word' id='word_1_44' title='bbox 396 1392 531 1465; x_wconf 87' lang='lat' dir='ltr'><strong>praemia.</strong></span> 
     </span>
    </p>
   </div>
   <div class='ocr_carea' id='block_1_5' title="bbox 157 1519 603 1844">
    <p class='ocr_par' dir='ltr' id='par_1_5' title="bbox 157 1519 603 1844">
     <span class='ocr_line' id='line_1_14' title="bbox 160 1519 595 1594; baseline 0 -18"><span class='ocrx_word' id='word_1_45' title='bbox 160 1519 255 1576; x_wconf 87' lang='lat' dir='ltr'><strong>Sancti</strong></span> <span class='ocrx_word' id='word_1_46' title='bbox 276 1519 402 1587; x_wconf 92' lang='lat' dir='ltr'><strong>leonum,</strong></span> <span class='ocrx_word' id='word_1_47' title='bbox 425 1537 476 1594; x_wconf 87' lang='lat' dir='ltr'><strong>per</strong></span> <span class='ocrx_word' id='word_1_48' title='bbox 498 1519 595 1589; x_wconf 89' lang='lat' dir='ltr'><strong>fidem,</strong></span> 
     </span>
     <span class='ocr_line' id='line_1_15' title="bbox 159 1598 553 1674; baseline 0.003 -17"><span class='ocrx_word' id='word_1_49' title='bbox 159 1598 284 1657; x_wconf 85' lang='lat' dir='ltr'><strong>Mulsere</strong></span> <span class='ocrx_word' id='word_1_50' title='bbox 305 1601 433 1674; x_wconf 85' lang='lat' dir='ltr'><strong>rugitus:</strong></span> <span class='ocrx_word' id='word_1_51' title='bbox 459 1610 553 1658; x_wconf 92' lang='lat' dir='ltr'><strong>truces</strong></span> 
     </span>
     <span class='ocr_line' id='line_1_16' title="bbox 157 1680 603 1755; baseline 0.004 -19"><span class='ocrx_word' id='word_1_52' title='bbox 157 1680 278 1755; x_wconf 89' lang='lat' dir='ltr'><strong>Fregere</strong></span> <span class='ocrx_word' id='word_1_53' title='bbox 300 1691 472 1755; x_wconf 85' lang='lat' dir='ltr'><strong>regnantum</strong></span> <span class='ocrx_word' id='word_1_54' title='bbox 493 1683 603 1751; x_wconf 89' lang='lat' dir='ltr'><strong>minas;</strong></span> 
     </span>
     <span class='ocr_line' id='line_1_17' title="bbox 158 1760 548 1844; baseline 0.005 -26"><span class='ocrx_word' id='word_1_55' title='bbox 158 1760 257 1844; x_wconf 84' lang='lat' dir='ltr'><strong>Risere</strong></span> <span class='ocrx_word' id='word_1_56' title='bbox 280 1760 430 1820; x_wconf 90' lang='lat' dir='ltr'><strong>stridentes</strong></span> <span class='ocrx_word' id='word_1_57' title='bbox 452 1780 548 1836; x_wconf 88' lang='lat' dir='ltr'><strong>rogos.</strong></span> 
     </span>
    </p>
   </div>
   <div class='ocr_carea' id='block_1_6' title="bbox 158 1892 594 2211">
    <p class='ocr_par' dir='ltr' id='par_1_6' title="bbox 158 1892 594 2211">
     <span class='ocr_line' id='line_1_18' title="bbox 158 1892 594 1967; baseline 0.007 -19"><span class='ocrx_word' id='word_1_58' title='bbox 158 1892 223 1949; x_wconf 89' lang='lat' dir='ltr'><strong>Hac</strong></span> <span class='ocrx_word' id='word_1_59' title='bbox 245 1893 308 1950; x_wconf 88' lang='lat' dir='ltr'><strong>luce</strong></span> <span class='ocrx_word' id='word_1_60' title='bbox 330 1894 482 1967; x_wconf 91' lang='lat' dir='ltr'><strong>signatum,</strong></span> <span class='ocrx_word' id='word_1_61' title='bbox 505 1893 594 1964; x_wconf 79' lang='lat' dir='ltr'><strong>DeuS,</strong></span> 
     </span>
     <span class='ocr_line' id='line_1_19' title="bbox 158 1972 546 2044; baseline 0 -13"><span class='ocrx_word' id='word_1_62' title='bbox 158 1972 275 2031; x_wconf 85' lang='lat' dir='ltr'><strong>Calcare</strong></span> <span class='ocrx_word' id='word_1_63' title='bbox 297 1973 375 2034; x_wconf 90' lang='lat' dir='ltr'><strong>dona</strong></span> <span class='ocrx_word' id='word_1_64' title='bbox 395 1975 546 2044; x_wconf 90' lang='lat' dir='ltr'><strong>tramitem,</strong></span> 
     </span>
     <span class='ocr_line' id='line_1_20' title="bbox 159 2054 460 2112; baseline 0.007 -2"><span class='ocrx_word' id='word_1_65' title='bbox 159 2054 193 2111; x_wconf 88' lang='lat' dir='ltr'><strong>Et</strong></span> <span class='ocrx_word' id='word_1_66' title='bbox 215 2055 338 2111; x_wconf 89' lang='lat' dir='ltr'><strong>caritatis</strong></span> <span class='ocrx_word' id='word_1_67' title='bbox 358 2055 460 2112; x_wconf 89' lang='lat' dir='ltr'><strong>uberes</strong></span> 
     </span>
     <span class='ocr_line' id='line_1_21' title="bbox 158 2135 541 2211; baseline 0.003 -20"><span class='ocrx_word' id='word_1_68' title='bbox 158 2135 277 2193; x_wconf 89' lang='lat' dir='ltr'><strong>Fructus</strong></span> <span class='ocrx_word' id='word_1_69' title='bbox 299 2135 395 2192; x_wconf 92' lang='lat' dir='ltr'><strong>eundo</strong></span> <span class='ocrx_word' id='word_1_70' title='bbox 417 2155 541 2211; x_wconf 87' lang='lat' dir='ltr'><strong>carpere.</strong></span> 
     </span>
    </p>
   </div>
   <div class='ocr_carea' id='block_1_7' title="bbox 143 2265 636 2584">
    <p class='ocr_par' dir='ltr' id='par_1_7' title="bbox 156 2265 495 2422">
     <span class='ocr_line' id='line_1_22' title="bbox 157 2265 495 2340; baseline -0.006 -18"><span class='ocrx_word' id='word_1_71' title='bbox 157 2265 222 2323; x_wconf 90' lang='lat' dir='ltr'><strong>Deo</strong></span> <span class='ocrx_word' id='word_1_72' title='bbox 243 2265 318 2323; x_wconf 88' lang='lat' dir='ltr'><strong>Patri</strong></span> <span class='ocrx_word' id='word_1_73' title='bbox 340 2267 375 2324; x_wconf 91' lang='lat' dir='ltr'><strong>sit</strong></span> <span class='ocrx_word' id='word_1_74' title='bbox 396 2266 495 2340; x_wconf 89' lang='lat' dir='ltr'><strong>gloria,</strong></span> 
     </span>
     <span class='ocr_line' id='line_1_23' title="bbox 156 2346 460 2422; baseline 0.003 -20"><span class='ocrx_word' id='word_1_75' title='bbox 156 2346 285 2422; x_wconf 86' lang='lat' dir='ltr'><strong>Ejusque</strong></span> <span class='ocrx_word' id='word_1_76' title='bbox 305 2347 359 2404; x_wconf 93' lang='lat' dir='ltr'><strong>soli</strong></span> <span class='ocrx_word' id='word_1_77' title='bbox 380 2346 460 2416; x_wconf 87' lang='lat' dir='ltr'><strong>Filio,</strong></span> 
     </span>
    </p>

    <p class='ocr_par' dir='ltr' id='par_1_8' title="bbox 143 2427 636 2584">
     <span class='ocr_line' id='line_1_24' title="bbox 158 2427 593 2502; baseline 0 -18"><span class='ocrx_word' id='word_1_78' title='bbox 158 2427 263 2485; x_wconf 90' lang='lat' dir='ltr'><strong>Sancto</strong></span> <span class='ocrx_word' id='word_1_79' title='bbox 285 2428 369 2485; x_wconf 81' lang='lat' dir='ltr'><strong>simul</strong></span> <span class='ocrx_word' id='word_1_80' title='bbox 391 2446 458 2486; x_wconf 92' lang='lat' dir='ltr'><strong>cum</strong></span> <span class='ocrx_word' id='word_1_81' title='bbox 480 2427 593 2502; x_wconf 90' lang='lat' dir='ltr'><strong>Spiritu,</strong></span> 
     </span>
     <span class='ocr_line' id='line_1_25' title="bbox 143 2508 636 2584; baseline 0 -20"><span class='ocrx_word' id='word_1_82' title='bbox 143 2508 250 2577; x_wconf 83' lang='lat' dir='ltr'><strong>&#39;Nunc,</strong></span> <span class='ocrx_word' id='word_1_83' title='bbox 272 2519 300 2565; x_wconf 90' lang='lat' dir='ltr'><strong>et</strong></span> <span class='ocrx_word' id='word_1_84' title='bbox 321 2527 372 2584; x_wconf 93' lang='lat' dir='ltr'><strong>per</strong></span> <span class='ocrx_word' id='word_1_85' title='bbox 393 2526 480 2565; x_wconf 90' lang='lat' dir='ltr'><strong>omne</strong></span> <span class='ocrx_word' id='word_1_86' title='bbox 501 2508 636 2566; x_wconf 85' lang='lat' dir='ltr'><strong>seculum.</strong></span> 
     </span>
    </p>
   </div>
   <div class='ocr_carea' id='block_1_8' title="bbox 289 2718 497 2762">
    <p class='ocr_par' dir='ltr' id='par_1_9' title="bbox 289 2718 497 2762">
     <span class='ocr_line' id='line_1_26' title="bbox 289 2718 497 2762; baseline -0.01 0"><span class='ocrx_word' id='word_1_87' title='bbox 289 2720 336 2762; x_wconf 87' lang='lat' dir='ltr'><strong>AD</strong></span> <span class='ocrx_word' id='word_1_88' title='bbox 362 2718 497 2762; x_wconf 76' lang='lat' dir='ltr'><strong>LAUDES.</strong></span> 
     </span>
    </p>
   </div>
   <div class='ocr_carea' id='block_1_9' title="bbox 156 2821 645 3204">
    <p class='ocr_par' dir='ltr' id='par_1_10' title="bbox 156 2821 645 3204">
     <span class='ocr_line' id='line_1_27' title="bbox 156 2821 594 2899; baseline -0.011 -18"><span class='ocrx_word' id='word_1_89' title='bbox 156 2823 267 2898; x_wconf 87' lang='lat' dir='ltr'><strong>Dignas</strong></span> <span class='ocrx_word' id='word_1_90' title='bbox 288 2825 360 2899; x_wconf 92' lang='lat' dir='ltr'><strong>quis,</strong></span> <span class='ocrx_word' id='word_1_91' title='bbox 383 2822 411 2881; x_wconf 95' lang='lat' dir='ltr'>O</span> <span class='ocrx_word' id='word_1_92' title='bbox 432 2821 522 2890; x_wconf 92' lang='lat' dir='ltr'><strong>Deus,</strong></span> <span class='ocrx_word' id='word_1_93' title='bbox 543 2821 594 2878; x_wconf 91' lang='lat' dir='ltr'><strong>tibi</strong></span> 
     </span>
     <span class='ocr_line' id='line_1_28' title="bbox 157 2903 582 2980; baseline -0.007 -18"><span class='ocrx_word' id='word_1_94' title='bbox 157 2905 272 2963; x_wconf 92' lang='lat' dir='ltr'><strong>Laudes</strong></span> <span class='ocrx_word' id='word_1_95' title='bbox 293 2905 440 2980; x_wconf 89' lang='lat' dir='ltr'><strong>rependat,</strong></span> <span class='ocrx_word' id='word_1_96' title='bbox 462 2903 512 2978; x_wconf 89' lang='lat' dir='ltr'><strong>qui</strong></span> <span class='ocrx_word' id='word_1_97' title='bbox 532 2912 582 2959; x_wconf 92' lang='lat' dir='ltr'><strong>tuo</strong></span> 
     </span>
     <span class='ocr_line' id='line_1_29' title="bbox 157 2983 582 3053; baseline -0.005 -11"><span class='ocrx_word' id='word_1_98' title='bbox 157 2985 240 3044; x_wconf 85' lang='lat' dir='ltr'><strong>Pellis</strong></span> <span class='ocrx_word' id='word_1_99' title='bbox 261 2988 393 3044; x_wconf 84' lang='lat' dir='ltr'><strong>tenebras</strong></span> <span class='ocrx_word' id='word_1_100' title='bbox 414 2983 530 3053; x_wconf 88' lang='lat' dir='ltr'><strong>lumine,</strong></span> <span class='ocrx_word' id='word_1_101' title='bbox 579 3003 582 3009; x_wconf 92' lang='lat'>·</span> 
     </span>
     <span class='ocr_line' id='line_1_30' title="bbox 157 3065 645 3126; baseline -0.006 -2"><span class='ocrx_word' id='word_1_102' title='bbox 157 3067 260 3126; x_wconf 90' lang='lat' dir='ltr'><strong>Salutis</strong></span> <span class='ocrx_word' id='word_1_103' title='bbox 281 3076 310 3125; x_wconf 90' lang='lat' dir='ltr'><strong>et</strong></span> <span class='ocrx_word' id='word_1_104' title='bbox 330 3075 473 3126; x_wconf 86' lang='lat' dir='ltr'><strong>monstras</strong></span> <span class='ocrx_word' id='word_1_105' title='bbox 494 3065 590 3122; x_wconf 80' lang='lat' dir='ltr'><strong>viam?</strong></span> <span class='ocrx_word' id='word_1_106' title='bbox 643 3110 645 3115; x_wconf 95' lang='lat'><em>.</em></span> 
     </span>
     <span class='ocr_line' id='line_1_31' title="bbox 612 3158 631 3204; baseline 0 0"><span class='ocrx_word' id='word_1_107' title='bbox 612 3158 631 3204; x_wconf 82' lang='lat'><strong>0</strong></span> 
     </span>
    </p>
   </div>
   <div class='ocr_carea' id='block_1_10' title="bbox 0 0 980 3600">
    <p class='ocr_par' dir='ltr' id='par_1_11' title="bbox 0 0 980 3600">
     <span class='ocr_line' id='line_1_32' title="bbox 0 0 980 3600; baseline 0 1"><span class='ocrx_word' id='word_1_108' title='bbox 0 0 980 3600; x_wconf 95' lang='lat' dir='ltr'><strong> </strong></span> 
     </span>
    </p>
   </div>
  </div>
 </body>
</html>
