1950 3600
240 244 279 301 In
298 242 381 301 Festo
401 241 432 302 S.
447 241 576 320 Joanmi.
769 265 806 318 39

59 407 204 467 Fortunate
225 407 320 477 nimis
342 407 388 464 cui
408 407 515 464 licitum
537 407 601 464 fuit.

59 491 208 548 Attrectare
229 506 320 546 manu
340 487 469 545 Verbum
490 488 639 546 hominem
659 485 763 557 Deum,

60 571 140 629 Hunc
162 570 268 640 audire,
290 569 380 627 oculis
402 588 525 640 cernere,
546 580 648 628 mutuo

134 652 215 724 Quin
238 661 266 709 et
287 650 431 726 colloquio
449 650 525 708 frui!

61 814 137 872 Haec
159 814 213 872 dos
235 822 341 887 quanta
362 812 422 882 fuit,
444 831 511 870 cum
532 813 583 870 tibi
604 811 722 870 credidit

60 895 161 954 Sensus
182 893 313 953 Christus
331 911 435 950 amans
456 895 579 968 pectoris
601 894 725 961 intimos,

60 976 179 1048 Quando
202 985 301 1033 monte
323 992 407 1049 super
428 984 504 1032 totus
525 975 615 1032 homo
636 974 716 1032 Deus

135 1057 205 1115 Sese
226 1057 344 1114 numine
364 1056 477 1114 vestiit?

60 1217 123 1295 Jesu
144 1230 175 1277 tu
196 1218 310 1294 placido
332 1217 402 1275 dum
423 1219 543 1275 recubas
565 1217 636 1288 sinu,

60 1301 140 1360 Potas
162 1299 248 1376 plena
268 1299 333 1356 Deo
354 1299 446 1356 vivida
466 1299 584 1356 flumina
595 1316 603 1368 ;

61 1382 163 1458 Illapsu
183 1381 269 1439 tacito
291 1398 322 1438 se
342 1379 460 1455 propius
481 1381 536 1437 tuis

137 1463 255 1520 Numen
277 1462 407 1519 sensibus
428 1462 532 1519 inserit.

60 1624 101 1682 Ex
122 1625 178 1682 hoc
200 1623 278 1681 fonte
299 1623 396 1680 Deum
417 1622 529 1698 plenius
550 1621 701 1693 hauseras3

62 1705 172 1781 Corpus
194 1705 318 1762 destituit
338 1722 422 1762 mens
442 1704 518 1761 velut
539 1703 635 1775 ebria;

61 1786 120 1856 Dic,
143 1804 210 1844 curn
232 1785 337 1843 blanda
359 1786 440 1860 quies
461 1784 570 1842 lumina
591 1785 729 1853 clauserit,

139 1867 225 1938 Quae
246 1867 381 1925 coelestia
401 1866 512 1924 videris.

62 2029 88 2088 Ο
109 2047 205 2088 sacros
227 2029 337 2086 aditus!
359 2027 387 2087 O
408 2029 483 2085 bene
503 2028 595 2084 mutui

64 2109 126 2168 Hac
148 2112 246 2186 ignota
266 2120 350 2168 tenus
371 2109 475 2184 gaudia
496 2109 638 2184 pectoris!

62 2190 143 2262 Quae
165 2209 225 2249 non
245 2191 302 2249 tela
320 2191 388 2266 jacit
409 2190 491 2248 divus
513 2207 594 2246 amor
615 2190 703 2247 sacris

145 2272 202 2330 His
223 2272 386 2330 fornacibus
407 2271 564 2329 incubans!

64 2432 139 2492 Hinc
160 2445 192 2492 tu
213 2451 327 2509 semper
348 2451 457 2503 amans,
479 2450 593 2508 semper
613 2431 761 2490 amabilis:

65 2515 140 2573 Hinc
162 2525 190 2572 et
210 2515 311 2573 frontis
332 2515 434 2584 honos,
455 2515 598 2589 virgineus
618 2513 712 2588 pudor
723 2532 730 2582 ;

66 2596 141 2654 Hinc
162 2596 286 2654 coeleste
305 2597 398 2672 jubar,
419 2595 498 2670 quod
520 2612 639 2670 superos
660 2594 750 2662 decet,

145 2676 224 2735 Toto
245 2678 349 2735 vertice
370 2677 517 2734 funditur.'

67 2839 143 2897 Hinc
165 2839 262 2896 creber
283 2839 396 2914 repetis,
418 2839 516 2896 creber
537 2837 613 2894 idem
635 2854 740 2895 sonas:

67 2920 214 2995 Quidquid
236 2919 311 2990 faris,
333 2937 422 2989 amor,
444 2920 485 2977 sic
506 2936 588 2976 arnor
608 2919 743 2994 imperat:

68 3001 125 3058 Vix
147 3018 209 3059 sese
231 3002 348 3077 capiens
369 3009 487 3070 aestuat,
509 3009 537 3057 et
559 2999 617 3057 suis

150 3082 253 3141 Pectus
273 3083 413 3158 rumpitur
433 3081 555 3157 ignibus.
