1906 3592
133 258 185 316 162

370 256 500 320 Omm'mn
522 251 697 314 Sanctorum.
727 236 730 241 ⁴

206 418 308 476 Pronis
328 419 413 476 turba
432 434 535 476 senum
556 434 662 476 cernua
683 415 835 489 frontibus,

207 500 284 558 Inter
303 509 345 557 tot
366 498 440 556 rutili
460 498 572 574 fulgura
591 497 716 569 luminis

207 579 351 656 Regnanti
371 579 501 638 Domino
521 580 642 637 devovet
662 597 757 650 aures,

287 660 372 732 Quae
392 662 482 736 ponit,
504 660 675 719 diademata
723 666 728 677 '

206 823 316 882 Gentes
337 824 512 891 innumerae,
534 823 710 898 conspicuae
732 824 820 882 stolas

204 905 282 979 Agni
303 921 449 980 purpureo
469 904 609 978 sanguine
630 905 778 975 candidas,

206 985 313 1044 Palmis
334 986 408 1042 laeta
428 985 541 1054 cohors,
563 985 694 1043 cantibus
716 987 838 1044 aemulis

286 1065 345 1124 Ter
366 1077 497 1124 sanctum
518 1065 663 1124 celebrant
683 1065 790 1125 Deum.

206 1230 247 1286 Sit
269 1229 330 1286 laus
352 1247 466 1287 summa
486 1227 570 1296 Patri,
593 1245 766 1304 summaque
788 1231 877 1288 Filio:

206 1310 247 1367 Sit
268 1328 328 1385 par,
351 1320 456 1380 sancte,
478 1308 529 1367 tibi
551 1309 613 1378 laus
634 1326 760 1385 quoque,
785 1311 879 1387 Spiriti

204 1391 264 1462 Qui
285 1391 337 1450 das
358 1409 412 1467 pro
432 1390 548 1461 meritis,
571 1390 697 1465 optimus
719 1393 833 1463 arbiter,

285 1471 331 1530 Te
352 1483 444 1530 totum
465 1471 550 1531 simul
571 1472 714 1531 omnibus.

424 1804 470 1846 AD
491 1801 626 1846 LAUDES.

203 2020 329 2096 Hymnis
350 2022 419 2079 dum
440 2030 555 2079 resonat
576 2019 654 2077 curia
675 2019 831 2092 Coclitum,

202 2101 260 2161 Hic
281 2104 384 2161 flemus
405 2103 503 2177 patriis
524 2102 630 2158 finibus
652 2102 768 2160 exules:

284 2184 341 2241 Hic
363 2201 503 2258 suspensa
524 2194 656 2240 tenemus

283 2264 372 2323 Mutis
393 2264 523 2323 cantibus
544 2281 669 2338 organa:

201 2427 328 2499 Quando
349 2445 431 2484 mens
452 2427 558 2484 misero
578 2426 667 2483 libera
688 2443 803 2485 carcere

202 2510 239 2567 Se
261 2512 360 2567 vestris
381 2509 490 2566 sociam
512 2508 642 2565 coetibus
664 2507 787 2577 inseret;

280 2589 326 2659 Et,
349 2589 469 2664 caligine
490 2588 581 2663 pulsa,

280 2671 362 2729 Coeli
383 2670 478 2728 lucem
499 2669 710 2726 habitabimus?

199 2831 348 2889 Obscurae
369 2831 478 2907 fugient
498 2830 602 2888 mentis
623 2830 772 2906 imagines,

198 2913 275 2970 Cum
297 2923 403 2971 stantes
424 2913 544 2988 propius
564 2911 678 2969 luminis
700 2912 738 2970 ad
757 2913 849 2988 jubar,

279 2992 343 3050 Nos
364 3011 462 3050 verum
484 2994 545 3052 sine
567 2993 643 3050 nube

280 3073 350 3148 ipso
365 3074 399 3130 'in
421 3074 499 3132 fonte
521 3074 688 3132 videbimus.
