1950 3600
253 246 292 305 In
312 247 474 309 Axoume
493 245 617 306 Domini.
798 254 836 323 85

113 408 195 480 Quid
216 411 402 486 obstupentes
424 410 566 485 suspicitis
587 411 664 486 polo,

113 489 143 548 O
164 509 223 562 vos,
245 502 369 561 euntem,
392 491 537 567 discipuli,
552 492 669 551 Deum?

115 570 155 628 Ut
176 591 252 632 nunc
274 573 461 648 Redemptor,
483 575 593 633 scandit
614 585 696 644 astra,

114 651 162 711 Sic
183 655 276 713 veniet
296 655 467 713 metuendus
489 655 570 713 ultor.

113 813 143 872 Ο
164 816 284 887 Christe,
306 817 423 875 dextrae
441 817 493 892 qui
514 812 604 876 Patris
625 814 742 889 assides,

115 895 171 956 Fac
193 916 246 956 nos
267 898 403 973 triumphi
424 895 575 974 participes
596 901 652 957 tui:

119 978 270 1037 Certamen
291 989 388 1055 urget:
410 979 572 1050 militemus

114 1060 150 1118 Et
171 1061 243 1119 duce
264 1070 301 1131 te,
324 1079 491 1136 superemus
512 1061 633 1119 hostem.

114 1221 188 1280 Laus
209 1226 324 1280 sunima
344 1222 427 1292 Patri,
449 1224 499 1298 qui
521 1222 660 1282 Genitum
682 1225 749 1300 polo

113 1302 194 1362 Pacis
214 1304 348 1378 perennis
370 1305 486 1379 suscipit
507 1306 656 1364 obsidem:

113 1383 195 1455 Laus,
217 1385 266 1459 qui
287 1386 450 1460 triumphat,
472 1405 586 1444 summa
607 1386 701 1446 Nato:

112 1465 166 1523 Par
186 1467 237 1524 tibi
258 1467 328 1536 laus,
349 1468 495 1542 utriusque
516 1466 625 1526 Nexus

327 1825 373 1867 AD
395 1824 530 1868 LAUDES.

187 2017 266 2094 Jesu‚
287 2029 384 2076 nostra
404 2018 572 2094 redemptio,

189 2101 280 2158 Am0r
301 2109 329 2157 et
350 2099 532 2171 desiderium,

187 2181 268 2239 Deus
289 2191 398 2239 creator
418 2182 557 2252 omniurn,

188 2261 290 2320 Homo
311 2263 340 2319 in
361 2263 418 2320 fine
439 2272 610 2338 temporum.

186 2422 272 2495 Quae
292 2435 321 2483 te
342 2426 407 2482 vicit
427 2424 586 2496 clementia,

186 2503 227 2563 Ut
247 2516 345 2564 nostra
365 2506 452 2564 serres
473 2507 599 2577 crimina,

186 2583 341 2645 Crudelem
362 2597 485 2645 mortem
506 2588 625 2662 patiens,

187 2665 227 2724 Ut
249 2686 303 2726 nos
324 2687 341 2726 a
361 2666 453 2727 morte
474 2669 608 2757 tolleres?

187 2828 292 2887 Inferni
313 2831 433 2888 claustra
454 2844 614 2909 penetrans

184 2909 268 2968 Tuos
290 2913 417 2986 captivos
437 2916 590 2986 redimens,

185 2989 285 3049 Victor
305 2994 449 3068 triumpho
470 2998 567 3067 nobili,
658 3028 663 3037 ·

183 3072 233 3130 Ad
254 3074 383 3132 dextram
405 3076 495 3136 Patris
516 3078 651 3137 residens.
