1950 3600
257 240 297 313 In*
315 251 396 312 Festo
415 250 551 328 Corpeni
574 249 698 312 Christi}
820 271 872 308 101

155 415 246 474 Dedit
262 415 408 492 fragilibus
429 415 557 491 corporis
578 414 734 486 ferculmn3

155 496 241 556 Dedit
262 507 290 556 et
310 498 436 556 tristibus
456 495 604 571 sanguinis
624 494 769 572 poculum,

157 577 280 638 Dicens:
305 579 436 654 Accipite
457 577 536 655 quod
556 577 639 636 trado
659 576 822 648 vasculum;

237 660 351 719 Omiies
371 676 408 718 ex
429 678 465 718 eo
485 658 583 717 bibite.

158 820 205 880 Sic
226 823 396 880 sacrificium
417 820 493 881 istud
514 819 641 891 instituit,

157 901 247 978 Cujus
268 902 395 962 officium
416 902 557 961 committi
576 901 664 960 voluit
691 961 692 964 ,

159 982 233 1042 Solis
253 984 436 1059 Presbyteris
458 984 563 1060 quibus
584 981 624 1041 sic
645 983 776 1057 congruit

240 1062 281 1124 Ut
303 1075 425 1137 sumant,
447 1075 476 1124 et
496 1065 565 1123 dent
586 1063 695 1122 ceteris.

162 1225 245 1285 Panis
266 1227 413 1302 angelicus
433 1227 465 1285 fit
485 1226 569 1302 panis
590 1225 757 1283 hominum:

160 1304 218 1366 Dat
237 1309 327 1384 panis·
339 1309 467 1366 coelicus
487 1307 586 1383 figuris
607 1306 776 1364 terminum:

160 1388 189 1446 Ο
209 1408 255 1447 res
275 1386 428 1448 miiabilisl
452 1389 608 1447 manducat
628 1387 796 1451 Dominum,

240 1471 362 1546 Pauper,
383 1489 490 1542 servus,
511 1479 539 1528 et
559 1469 683 1528 humilis.

162 1631 216 1698 Te,
238 1634 311 1690 trina
330 1631 439 1698 Deitas,
460 1650 584 1709 unaque,
605 1630 753 1709 poscimus
762 1648 770 1700 ;

162 1712 210 1772 Sic
231 1732 285 1772 nos
305 1723 337 1772 tu
357 1713 439 1772 visita
460 1715 580 1772 sicutte
601 1712 739 1781 colimus:

163 1793 218 1852 Per
237 1804 300 1853 tuas
321 1796 438 1853 semitas
459 1796 515 1852 duc
536 1812 591 1852 nos
612 1811 671 1870 quo
691 1791 843 1855 tendimus,

242 1876 291 1934 Ad
311 1877 406 1934 lucem
427 1894 516 1951 quam
536 1875 686 1934 inhabitas

384 2226 431 2276 AD
452 2224 587 2276 LAUDES.

164 2430 295 2491 Verbum
316 2436 473 2512 supernum
492 2433 638 2511 prodiens,

163 2513 227 2573 Nec
248 2515 341 2575 Patris
361 2517 494 2593 linquens
516 2515 671 2578 dexteram,

165 2596 214 2654 Ad
234 2615 309 2672 opus
330 2616 415 2656 suum
436 2598 544 2666 exiens,

165 2675 253 2735 Venit
273 2679 406 2736 advitae
426 2694 586 2755 vesperam.

165 2831 202 2896 In
221 2850 345 2898 mortem
367 2858 384 2897 a
404 2841 545 2916 discipulo

173 2922 238 2980 Suis
258 2921 414 2980 tradendus
434 2921 562 2994 aemulis,

166 3003 248 3060 Prius
270 3003 300 3060 in
320 3003 394 3060 vitae
415 3003 523 3062 ferculo

168 3085 208 3142 Se
228 3084 344 3142 tradidit
364 3084 519 3159 discipulis.
