1906 3592
130 222 167 277 50

349 207 388 265 [η
408 207 570 283 Epipham'a
591 206 718 268 nomm:

209 368 268 440 Qui
289 370 355 429 fons
376 371 490 428 luminis
511 381 563 441 est,
584 370 677 445 gloria
698 371 799 430 Patri:

209 449 269 520 Qui
290 453 363 509 miro
384 469 496 510 recreas
518 453 626 509 lumine
648 463 762 527 gentes,

210 531 348 609 Aequalis
369 533 420 591 tibi
443 534 478 590 sit
499 533 598 608 gloria,
621 533 715 592 Nate:

213 617 376 674 Amborum
397 615 496 672 similis
517 615 578 672 laus
600 615 635 673 sit
656 616 770 674 Amori.

411 971 458 1013 AD
482 970 645 1015 VESPERAS.

209 1177 276 1233 Huc
297 1193 357 1244 vos,
379 1192 398 1231 o
419 1175 531 1232 miseri:
554 1175 640 1233 surda
660 1175 816 1251 relinquite

208 1258 292 1329 Quae
314 1256 392 1314 caeci
413 1255 513 1326 colitis,
535 1266 672 1331 mutaque
694 1259 836 1316 numina:

210 1339 247 1396 Se
268 1339 351 1395 vobis
372 1338 462 1413 aperit
484 1338 635 1413 splendida
656 1339 765 1410 civitas,

290 1418 360 1476 Veri
382 1419 517 1476 Numinis
538 1419 661 1495 hospita.

207 1582 254 1638 En
275 1590 384 1638 vestrae
406 1591 544 1655 praeeunt
564 1581 706 1656 primitiae
729 1581 832 1658 Magi:

207 1663 315 1720 Vatum
336 1663 413 1720 dicta
433 1672 549 1736 patent:
572 1663 732 1720 exitialibus

207 1744 344 1801 Errorum
364 1744 489 1800 tenebris
510 1743 605 1802 obsita
625 1763 698 1818 gens
721 1745 779 1814 diu,

291 1824 367 1881 Miro
391 1825 498 1881 lumine
521 1826 670 1900 spargitur.

207 1987 306 2044 Ambo
328 1986 368 2044 sic
390 1988 498 2062 populi,
521 1986 709 2045 dissociabilis

209 2068 293 2140 Quos
315 2067 425 2126 dudum
447 2069 540 2143 paries
562 2079 683 2142 separat,
705 2071 825 2149 unicum

208 2150 242 2206 ln
264 2168 370 2224 corpus
392 2160 504 2207 coeunt.
548 2150 615 2207 Hoc
637 2152 786 2225 proprium
810 2173 873 2214 mo<

289 2232 443 2288 Ambobus
464 2241 579 2288 maneat
600 2231 705 2288 deeusl

206 2393 234 2451 Ο
257 2411 360 2450 arcana
381 2391 438 2449 Dei
459 2393 592 2450 consilial
619 2411 637 2450 o
659 2404 709 2451 tuo

206 2474 364 2531 Deturbata
386 2475 486 2547 gradu,
508 2475 616 2549 primus
638 2492 719 2532 amor
741 2475 808 2547 Dei,

207 2555 291 2613 Plebs
312 2554 440 2631 Judaea!
466 2556 521 2612 tuis
542 2555 632 2629 gloria
653 2558 783 2631 gentium

286 2636 418 2705 DamniS,
440 2637 553 2710 vitaque
574 2639 707 2696 nascitur.

205 2796 272 2872 Jam
294 2799 389 2856 nativa
408 2798 490 2855 oleae
510 2798 628 2856 brachia
649 2798 794 2870 decidunt,

206 2877 293 2935 Rami
315 2879 480 2953 degeneres,
502 2898 623 2954 germen
644 2880 814 2952 adulterum,

206 2959 381 3034 Miraturque
402 2977 493 3017 novos
515 2962 625 3019 semine
645 2980 705 3020 non
728 2981 781 3021 suo

285 3040 381 3097 Arbor
402 3057 529 3098 crescere
552 3043 688 3102 surculos.
