1950 3600
214 234 254 294 In
273 237 496 295 Praesentalione
514 233 638 293 Domitii.
773 253 825 291 ιιι

108 398 149 456 Sit
170 417 285 458 summa
305 399 389 469 Patri,
411 406 583 474 summaque
604 398 686 468 Filio,

110 479 272 558 Sanctoque
294 489 413 558 compar
433 480 525 560 gloria
545 480 684 550 Flamini3

110 561 230 621 Sanctae
251 562 365 620 litemus
387 560 522 618 Trinitati

109 643 251 718 Perpetuo
272 645 321 719 pia
341 643 429 702 corda
450 642 536 700 cultu,

329 965 376 1008 AD
397 964 533 1008 LAUDES.

114 1191 172 1263 Qui
190 1191 282 1251 'sacris
302 1189 390 1250 hodie
403 1192 518 1250 'sistitur
538 1193 602 1262 aris,

116 1273 176 1330 Stat
197 1272 312 1348 signum
333 1273 448 1348 populis
469 1274 605 1331 omnibus
627 1273 736 1331 infans:

113 1353 194 1412 Idem
214 1353 353 1430 Judaicae
374 1355 466 1429 gloria
486 1355 589 1429 gentis,

115 1434 150 1492 Et
171 1436 223 1493 toti
244 1453 319 1493 nova
339 1435 388 1493 lux
410 1436 507 1493 addita
527 1435 646 1494 mundo.

116 1584 234 1656 Plausus
255 1598 385 1656 insolitos
406 1587 485 1655 audit
505 1606 624 1674 uterque

116 1674 292 1755 Miraturque
313 1696 434 1755 parens:
463 1688 530 1736 vota
551 1679 696 1738 faventum

116 1747 198 1839 Votis
220 1760 374 1836 excipiunt,
396 1770 424 1819 et
445 1779 497 1819 sua
518 1761 599 1820 laetis

117 1839 287 1899 Gratantum
308 1843 453 1900 ominibus
473 1843 580 1917 gaudia
599 1843 729 1913 miscent.

118 1995 238 2082 Afflrttae
256 2004 355 2063 'subito
376 2003 504 2062 Numine
524 2013 637 2063 mentes

118 2077 174 2140 Vix
196 2089 263 2144 s'es'e·
281 2086 415 2160 capiunt:
445 2103 571 2161 spesque
591 2085 690 2143 salutis

119 2159 184 2223 Hac
205 2164 315 2224 inclusa
335 2175 419 2225 tenus
440 2166 527 2224 corde
549 2167 603 2224 sub
626 2167 693 2236 imo,

118 2242 192 2320 Ipsis
212 2249 272 2322 iarn
293 2248 427 2305 manibus
448 2258 553 2322 prensa
574 2257 692 2322 tenetur,

116 2407 215 2479 Quem
235 2407 331 2466 videre
353 2407 453 2483 procul
473 2417 571 2466 mente
593 2408 763 2484 Prophetae,

117 2487 203 2546 Nunc
224 2498 252 2546 te
274 2489 326 2547 das
347 2489 446 2559 oculis,
469 2489 590 2559 Christe,
613 2489 784 2560 fruendum}

118 2567 189 2627 Mox
211 2569 288 2627 idem
309 2570 402 2640 series,
423 2588 474 2629 ora
495 2571 649 2639 resolvens,

120 2647 210 2709 Dictis
232 2652 365 2710 attonitas
386 2653 550 2727 grandibus
565 2669 657 2710 aures.

121 2811 150 2868 Si
171 2812 276 2871 nostris
297 2814 387 2871 modo
408 2823 436 2871 te
458 2814 591 2872 sensibus
612 2812 716 2881 aufers,

119 2890 235 2950 Horum
256 2894 339 2952 firma
359 2895 431 2953 fides
453 2895 584 2970 suppleat
605 2909 709 2963 usum;

122 2971 188 3031 Hac
209 2984 245 3045 te,
269 2974 390 3046 Christe,
412 2994 501 3034 manu
521 2985 639 3050 tangere
660 2974 704 3033 fas
726 2984 784 3033 est:

126 3051 160 3110 In
180 3056 294 3132 templis
315 3056 424 3116 resides
444 3075 521 3114 nunc
542 3074 659 3133 quoque
680 3057 793 3114 nostris.
