1906 3592
151 237 209 310 388
376 231 416 290 In
429 230 591 290 Ascanione
603 231 727 290 Domini.

150 395 277 471 Legibus
298 393 400 452 inferni
422 396 567 471 oppressis
590 413 677 470 super
698 405 774 453 astra
794 399 919 451 meantem

191 477 323 534 Laudent
343 477 395 534 rite
416 476 513 534 Deum
534 476 593 547 lux,
615 477 709 552 polus,
732 486 815 546 astra,
836 473 928 531 fretim-

153 557 243 629 Salve,
264 559 314 615 uc.

152 719 211 792 Qui
230 719 381 778 crucifixus
403 729 462 776 erat
483 719 566 778 Deus
582 738 650 777 ecce
664 738 716 794 per
731 719 830 777 omnia
842 720 931 790 regnat,

192 801 328 877 Dantque
350 799 479 859 Creatori
500 811 604 859 cuncta
624 812 721 859 creata
742 818 849 876 preces.

154 881 246 954 Salve,
266 884 316 941 tm.

152 1045 296 1103 Nobilitas
317 1043 394 1114 anni,
415 1044 560 1102 mensium
582 1045 680 1115 decus,
701 1044 778 1101 alme
800 1044 909 1106 dierum,

153 1125 339 1266 spiorapum
360 1125 505 1199 splendor,
527 1126 660 1201 scrupula
680 1135 785 1184 cuncta
806 1129 904 1200 patent.

175 1225 244 1278 ave,
292 1225 316 1265 c.

153 1368 266 1427 Christe
288 1368 364 1425 salus
385 1386 490 1437 rerum,
511 1369 588 1425 bone
608 1368 742 1426 conditor
764 1378 849 1444 atque
868 1381 905 1421 re·

318 1449 461 1524 demptor,

193 1529 288 1588 Unica
308 1531 462 1606 progenies
484 1549 520 1588 ex
541 1529 656 1588 Deitate
678 1531 776 1605 patris.

153 1610 245 1682 Salve,
267 1614 317 1671 oc.

152 1772 212 1845 Qui
226 1792 318 1848 genus
332 1773 491 1830 humanum
506 1791 625 1831 cernens
640 1774 776 1830 mersisse
790 1756 925 1847 profundo,

193 1853 233 1912 Ut
248 1855 396 1912 hominem
410 1856 542 1930 eriperes
558 1873 589 1939 es
604 1872 721 1929 quoque
736 1854 827 1912 factus
841 1851 923 1908 homo.

154 1935 245 2005 Salve,
267 1937 318 1994 ore.

297 2394 341 2452 nr
363 2392 624 2453 Ascuusroun
645 2394 810 2454 oomni.
864 2349 865 2352 Ὺ

156 2589 237 2648 Salve
259 2589 331 2647 festa
353 2589 422 2659 dies,
444 2598 505 2647 toto
527 2589 694 2647 venerabilis
717 2608 796 2660 aev0,

155 2670 362 2810 SalQuatrDeus
384 2671 420 2728 ad
443 2671 540 2728 coelos
563 2671 672 2728 scandit
694 2682 722 2728 et
743 2682 819 2730 astra
841 2679 920 2729 tenet.

204 2770 245 2822 ve,
293 2770 317 2809 c.

154 2912 213 2984 Qui
233 2914 333 2988 paucis
354 2923 510 2988 postquam
532 2923 690 2971 surrexerat
711 2914 773 2988 ipse
795 2914 894 2972 diebus

194 2994 313 3052 Pectora
334 2996 516 3066 confirmans,
538 2994 693 3069 discipulos
715 2995 829 3055 solidas.

156 3074 246 3145 Salve,
268 3075 318 3132 tre.
