1950 3600
263 244 303 304 In
322 242 403 302 Festo
427 239 583 298 Trinitatis.
788 251 823 311 97

184 411 265 469 Dum
284 424 344 466 nox
365 403 452 464 creati
472 402 588 462 luminis

183 493 272 571 Jubar
292 487 417 548 tenebris
438 485 542 553 obruit,

187 572 343 649 Splendere
364 578 396 627 tu
416 584 476 624 non
497 565 622 634 desinas,

186 655 250 712 Lux
270 654 397 710 increata
415 647 566 706 mentium.

184 817 234 874 Tu
254 814 349 874 cordis
369 812 476 886 hospes
497 808 622 877 intimus

183 897 285 956 Dulcis
303 895 436 954 laborum
455 900 488 948 tu
507 889 606 966 quies;

183 979 233 1036 Tu
252 977 366 1035 fletibus
387 991 462 1049 quos
482 971 575 1029 elicis

182 1060 287 1118 Divina
306 1057 411 1116 misces
432 1053 545 1128 gaudis

184 1222 289 1281 Totius
307 1237 329 1278 o
349 1217 415 1275 fons
436 1214 561 1290 gratiae‚=

89 1340 94 1349 ·
182 1304 299 1363 Certare
320 1301 358 1359 da
378 1296 577 1366 nos'fortiter:

184 1382 367 1443 Certantibus
388 1380 426 1438 da
444 1378 567 1447 vincere,

182 1464 372 1524 Vincentibus
393 1460 431 1519 da
449 1458 620 1535 praemium.

92 1635 93 1640 ’
185 1629 227 1686 Sit
247 1628 309 1687 laus
329 1622 414 1692 Patri,
435 1621 497 1679 laus
519 1619 609 1676 Filio:

183 1710 238 1768 Par
258 1709 295 1767 sit
313 1706 365 1764 tibi
386 1703 457 1773 laus,
480 1701 610 1777 Spiritus,

183 1791 306 1849 Afflante
327 1804 387 1863 quo
407 1792 519 1842 mentes
541 1782 629 1840 sacris

183 1873 294 1931 Lucent
312 1878 343 1927 et
363 1867 464 1925 ardent
484 1865 608 1938 ignibus.

154 2119 201 2184 IN
229 2113 373 2175 sesso
402 2103 686 2168 Tmmsnsrs,
775 2077 780 2085 ‘

240 2296 286 2339 AD
307 2290 424 2337 PRIMAS
447 2283 607 2330 VESPERAS.

157 2438 164 2455 ·
181 2410 243 2468 Ter
262 2415 369 2475 sancte,
389 2412 433 2460 ter
452 2408 558 2476 potens
578 2395 667 2463 Deus

183 2487 427 2565 Incomprehensa
448 2481 590 2539 Trinitas:

184 2572 282 2631 Olux
301 2565 452 2644 perennis!
481 2561 603 2638 propriis

165 2653 212 2711 'O
233 2662 275 2710 ter
295 2651 380 2708 beata
399 2644 529 2721 gaudiis!

180 2815 210 2874 O
231 2831 297 2870 vera
317 2826 432 2884 semper
452 2804 573 2863 Unitasi

184 2896 213 2954 Ο
234 2912 292 2952 una
313 2908 427 2964 semper
447 2885 578 2944 Veritasi

182 2977 212 3036 O
233 2983 332 3034 sancta
353 2987 474 3044 semper,
497 2981 572 3041 quae
592 2962 703 3018 bonum

182 3055 329 3115 Diffundis
350 3068 446 3120 omne,
468 3046 595 3106 Caritas!

560 3142 584 3183 rr
