1950 3600
226 302 229 306 ,
269 249 307 307 In
326 248 409 307 Festo
429 248 460 308 S.
475 247 604 326 Joanm's.
798 271 832 321 41
872 236 875 247 ’

87 411 136 469 Per
156 421 183 470 te
205 430 285 470 sacra
306 421 404 489 patent
425 411 521 469 abdita
541 413 669 470 vatibus:

87 492 164 563 Quae
186 494 235 551 lux
256 494 286 550 in
306 493 439 563 tenebris
451 492 565 568 fulgeat,
587 492 713 552 indicas:

86 574 109 630 Α
129 592 186 649 quo
207 575 262 633 vita
282 575 351 644 fluit,
373 574 544 651 principium
565 575 646 649 petis

160 655 198 713 Et
219 656 378 731 primordia,
395 655 517 714 luminis.

88 815 156 874 Patri
177 819 303 875 maxima
324 818 394 888 laus,
414 818 542 874 maxima
562 817 644 886 Filio,

89 898 299 974 Amborumque
321 916 402 956 sacro
422 899 550 956 maxima
570 899 710 956 Flamini:

90 977 164 1038 Haec
184 990 228 1038 est
248 989 325 1038 certa
346 980 426 1050 fides,
448 980 573 1038 fontibus
594 998 610 1037 e
631 980 687 1037 tuis

161 1061 258 1133 Quam
279 1061 412 1120 divinitus
433 1061 588 1120 hausimus.

246 1499 251 1512 .
320 1467 365 1509 AD
387 1463 548 1539 VEsPERAS.

90 1615 125 1674 Sit
145 1618 194 1692 qui
214 1618 266 1674 rite
287 1627 369 1676 canat
390 1627 418 1675 te
440 1618 529 1675 modo
550 1618 696 1693 virginem,

89 1695 127 1755 Te
149 1699 258 1775 scriptis
279 1698 421 1756 celebrem
443 1699 518 1756 dicat
539 1699 721 1774 Apostolum,

87 1776 186 1856 Jungat
207 1780 335 1837 veridicis
356 1790 385 1837 te
406 1797 521 1854 quoque
544 1781 675 1849 Vatibus,

161 1861 265 1920 Christi
285 1871 313 1918 te
335 1878 408 1918 cano
430 1861 593 1936 Martyrem.

88 2019 143 2080 Diri
164 2022 243 2081 testis
264 2040 327 2080 eras
349 2021 463 2093 funeris,
485 2033 514 2081 et
535 2042 643 2093 eomes⁷

87 2100 164 2163 Votis
185 2122 252 2162 cum
273 2103 402 2162 Domino
423 2104 497 2162 fixus
519 2123 581 2162 eras
602 2105 694 2173 cruci3

88 2183 148 2244 Hoc
170 2194 280 2243 tantum
302 2185 379 2243 licuit
400 2195 467 2242 tunc
489 2187 540 2243 tibi
560 2187 666 2244 mutuis

162 2266 351 2341 Respondere
372 2266 527 2325 doloribus.

86 2424 214 2486 Pendens
234 2427 351 2485 funerea
372 2427 502 2486 Christus
525 2430 562 2486 ab
585 2429 693 2498 arbore,

87 2506 127 2566 Te
148 2509 230 2566 matri
252 2509 373 2567 miserae
392 2510 454 2585 jam
476 2511 537 2567 sine
558 2510 626 2579 filio,

86 2586 189 2647 Natum
211 2582 361 2648 substituit.
404 2589 529 2648 Credere
550 2591 699 2666 Virginem

162 2670 259 2742 Quam
280 2689 332 2747 par
353 2681 396 2729 est
417 2673 468 2729 tibi
489 2673 608 2747 virgini!

85 2830 146 2889 Tali
168 2832 299 2907 deposito
321 2833 391 2908 quid
411 2833 582 2909 pretiosius?

85 2910 173 2971 Mater
194 2931 260 2971 vera
280 2913 336 2971 Dei
354 2915 416 2991 jam
436 2923 486 2971 tua
507 2914 615 2984 dicitur,

84 2992 173 3052 Natus
192 2994 255 3070 jure
276 2996 337 3070 pari
358 2995 468 3066 dicere;
491 2996 595 3052 mortui

161 3075 306 3152 Jacturam
326 3095 441 3153 reparas
463 3076 527 3134 Dei.
