1906 3592
73 246 168 322 'aa

346 243 385 300 In
408 241 512 302 Octava
532 243 716 308 Ascenn'omi.

292 406 361 482 Ipsa
381 416 409 464 te
430 416 515 482 cogat
534 409 625 484 pietas

292 487 333 546 Ut
352 488 429 545 mala
449 498 546 546 nostra
566 508 686 566 superes

293 568 450 640 Parcend0,
472 579 500 627 et
520 571 578 628 voti
599 586 753 650 compotes

218 688 221 696 ·
293 651 357 709 Nos
377 661 428 709 tuo
448 651 527 709 vultu
547 653 641 712 saties.

292 812 341 870 Tu
361 822 424 870 esto
444 822 575 871 nostrum
595 817 746 890 gaudium,

293 893 352 966 Qui
373 913 404 952 es
425 893 535 952 futurus
556 899 736 971 praemium:

293 974 329 1031 In
350 985 377 1033 te
399 977 435 1034 sit
455 985 561 1050 nostra¹
572 978 664 1052 gloria

294 1055 348 1114 Per
368 1065 471 1116 cuncta
492 1075 606 1133 semper
627 1063 733 1122 secula.

451 1240 611 1253 ----

263 1373 308 1430 IN
330 1373 501 1432 OCTAVA
521 1372 803 1432 ASCENSIONIS.

350 1520 396 1562 AD
417 1517 535 1562 PRIMAS
557 1518 719 1563 VESPERAS·

252 1634 331 1704 Felix
353 1642 414 1699 dies
434 1641 610 1712 mortalibus,

254 1722 321 1793 Qua
342 1741 393 1797 per
413 1722 563 1797 profusum
584 1721 755 1796 sanguinem

254 1803 357 1861 Homo
377 1803 459 1860 Deus
480 1804 591 1862 clausas
612 1803 661 1861 diu

255 1885 372 1943 Intravit
392 1893 523 1943 aeternas
544 1886 664 1943 domos!

203 2064 205 2070 ·
254 2046 318 2104 Nos
339 2048 479 2116 membra,
500 2063 559 2121 quo
579 2055 709 2102 nostrum
730 2059 826 2123 caput,

254 2127 322 2198 Quo
343 2130 402 2186 dux
424 2128 549 2202 praeivit,
570 2127 692 2183 ibimus:

257 2207 287 2266 Si
306 2210 408 2285 jungat
429 2227 487 2265 una
507 2226 589 2265 mens
611 2207 703 2277 simul,

255 2290 318 2348 Nos
339 2309 397 2348 una
416 2290 518 2365 junget
538 2289 635 2364 gloria.

254 2452 393 2513 Discessit
415 2461 443 2509 et
465 2451 523 2510 suis
546 2451 634 2518 adest,

255 2532 407 2591 Praesente
430 2551 544 2608 semper
565 2531 678 2607 Spiritu,

254 2615 382 2673 Miscens
403 2633 456 2672 suo
478 2632 508 2672 se
530 2612 642 2688 corpori

254 2695 366 2754 Omnes
387 2697 417 2752 in
437 2704 514 2753 artus
535 2694 634 2751 influit.

250 2859 289 2916 At
309 2858 356 2915 illa
376 2859 468 2932 quae!
489 2855 579 2932 qualis
601 2854 679 2913 dies!

250 2939 321 2997 Dies
343 2938 492 2996 tremenda
513 2937 651 3005 sontibus

248 3020 327 3077 Dum
349 3019 417 3077 sede
438 3017 616 3076 descendens
637 3034 691 3074 sua

252 3100 368 3159 Redibit
389 3100 463 3158 ultor
483 3096 643 3156 criminum.
750 3118 755 3133 ·
