1950 3600
267 211 366 272 Natio.
388 210 420 270 S.
434 210 564 288 Joanm's.
759 230 815 298 ¹²5

47 402 50 407 ·
100 375 157 446 Qui
177 386 254 434 creat
274 376 423 440 mundum,
446 375 481 432 sit
501 373 595 434 honos
616 375 746 434 Parenti:

99 455 173 514 Laus
193 458 244 515 tibi
264 474 391 532 compar,
413 454 572 530 Reparator
593 457 687 514 orbis:

99 538 215 614 Aequus
236 539 388 596 amborum
409 537 445 594 sit
465 536 558 596 honos
579 557 630 614 per
650 555 738 597 omne

177 619 310 696 Tempus
331 619 441 678 Amori.

316 984 361 1026 AD
382 984 516 1029 LAUDES.

97 1184 180 1243 Nunc
201 1187 264 1244 suis
281 1187 398 1245 tandem
418 1206 509 1246 novus
531 1206 547 1245 e
568 1184 684 1245 latebris
799 1192 801 1201 ’

96 1265 191 1325 Prodit
211 1267 297 1339 Elias,
318 1269 490 1345 populisque
511 1266 657 1327 Christum

96 1346 215 1417 Clamat,
237 1351 413 1425 exprobrans
435 1369 488 1410 sua
508 1351 653 1426 viperinae

172 1429 301 1488 Crimina
320 1431 404 1507 proli.

94 1589 138 1646 En
158 1591 240 1650 Deus
258 1593 354 1668 judex,·
376 1593 458 1652 Deus
478 1611 515 1650 en
535 1595 708 1670 propinquat

95 1671 240 1731 Ventilans
262 1673 384 1749 fruges:
400 1676 511 1749 superis
531 1676 669 1734 recondet

95 1752 232 1812 Triticum
252 1756 337 1821 cellis,
359 1757 514 1831 paleasque
536 1757 613 1816 diros

174 1834 284 1894 Tradet
304 1838 334 1893 in
354 1839 444 1912 ignes.

94 1994 188 2072 Hujus
209 1999 340 2070 adventu,
361 1999 485 2074 rigidiun
506 2001 621 2074 superbi

94 2075 262 2152 Deprimant
282 2092 396 2139 montes
417 2091 519 2156 caput;
543 2082 688 2155 erigantur

93 2157 215 2218 Vallium
236 2163 344 2236 passim
365 2180 450 2220 cava:
473 2163 649 2238 corrigantur

182 2242 272 2300 Prava
292 2244 409 2301 viarum.

91 2406 195 2464 Sancte
214 2405 390 2480 praecursor,
412 2406 479 2463 date
498 2423 608 2480 praeco·
624 2404 704 2473 lucis,

90 2487 202 2545 Excitet
223 2504 327 2544 somno
348 2497 397 2544 tua
417 2506 472 2545 vox
494 2488 613 2557 inertes;

90 2567 129 2626 Ut
150 2586 251 2642 graves
272 2568 340 2624 olim
361 2568 504 2644 fugiamus
525 2569 603 2642 Agni

170 2649 299 2707 Vindicis
320 2650 384 2708 iras.

90 2812 210 2869 Summa
230 2812 291 2869 laus
312 2811 397 2880 Patri,
418 2807 575 2885 genitoqm
593 2809 711 2867 Verbo:

90 2894 216 2967 Aequus*
230 2891 382 2949 amborum
404 2892 439 2950 sit
460 2891 553 2948 honos
575 2891 685 2955 Amori,

89 2973 147 3044 Qui
169 2992 281 3032 sacrum
303 2973 408 3031 Christi
428 2972 557 3049 pugilem
577 2980 710 3048 potenter

169 3054 260 3131 Ungit
280 3065 308 3113 et
329 3064 429 3112 armat.
