1950 3600
252 212 293 282 *In
313 213 416 271 Decoll,
438 211 469 272 S.
484 213 613 291 joannis.
781 230 835 304 145

116 377 191 435 Aula
212 386 360 451 receptum
381 394 441 434 non
461 377 562 436 retinet
582 378 676 449 timor,

116 457 185 515 Non
205 458 313 515 blanda
333 457 420 516 flectit
440 458 531 532 gratia
551 458 699 534 Principis

116 538 310 597 Contaminati
331 539 402 614 quin
422 541 574 614 reprendet

116 619 269 694 Flagitium
290 621 536 696 opprobriumque
557 621 629 680 lecti.

115 782 157 839 Sit
178 799 293 840 summa
313 781 397 851 Patri,
420 800 590 858 summaque
612 782 692 852 Filio,

116 861 280 937 Sancteque
301 881 420 938 compar
441 864 532 938 gloria
553 864 690 922 Flamini:

115 943 236 1002 Sanctae
257 943 371 1002 litemus
392 944 525 1002 Trinitati

115 1023 257 1100 Perpetuo
278 1025 327 1100 pia
348 1026 436 1083 corda
456 1026 541 1084 cuitu,

264 1373 309 1416 AD
331 1372 483 1418 OFFICIUM
506 1374 600 1419 Noc'r.

113 1581 237 1658 Impune
259 1580 325 1640 Vati
346 1599 406 1640 non
426 1582 494 1640 erit:
518 1583 662 1658 impotens

115 1662 224 1721 Totum
245 1663 371 1721 furorem
392 1663 499 1721 femina
519 1665 641 1740 colligit;

114 1744 233 1820 Iraeque
255 1763 357 1803 causas
378 1745 544 1820 aggerando

114 1824 285 1885 Exstimulat
305 1826 365 1885 fera
385 1826 474 1885 corda
493 1827 577 1902 regis.

114 1986 193 2058 Quid
214 2006 274 2045 non
294 1988 383 2047 libido
403 1988 484 2064 cogis
505 1987 651 2047 adultera?

114 2067 225 2126 Dantur
246 2071 353 2129 catenis
374 2070 515 2128 innocuae
536 2085 657 2126 manus:

114 2150 153 2206 At
174 2150 281 2226 alligari
302 2152 425 2210 veritatis
496 2216 499 2223 ,

113 2229 220 2290 Nescia
240 2251 305 2303 vox,
327 2251 379 2291 sua
397 2233 461 2309 jura
482 2241 581 2290 servat

114 2392 259 2452 Christum
280 2394 325 2451 vel
345 2405 408 2453 atro
428 2394 549 2453 carceris
570 2393 599 2450 in
619 2409 709 2465 specu

112 2474 220 2532 Praeco
241 2475 331 2534 fidelis
352 2477 477 2533 nuntiat:
502 2484 531 2533 et
552 2491 620 2532 suos

114 2555 219 2613 Divina
239 2558 361 2630 patranti
383 2555 523 2632 Magistro

111 2637 277 2711 Discipulos
296 2640 377 2714 jubet
398 2639 437 2697 ire
458 2647 553 2696 testes.

113 2800 233 2859 Vinctus
254 2800 424 2875 triumphat;
447 2808 478 2858 tu
497 2798 626 2873 pavitans
647 2796 752 2865 fremis,

114 2879 258 2955 Tyranne.
302 2882 429 2940 Caecum
449 2898 533 2938 mens
553 2878 628 2937 male
649 2878 765 2936 conscia

113 2961 213 3032 Quatit
233 2963 394 3038 flagellum:
418 2963 515 3022 stricta
533 2959 638 3018 Vatem

114 3043 296 3119 Impavidum
317 3044 397 3102 feriet
413 3043 532 3106 securis.
841 2998 920 3376 s

412 3141 431 3183 1.
