1906 3592
127 262 164 312 40

354 239 393 297 In
413 238 496 297 Festo
516 237 547 298 S.
562 237 692 316 Joannzi

166 403 207 460 Sit
228 403 289 459 laus
311 420 425 460 summa
445 402 529 473 Patri,
551 407 723 478 summaque
745 402 817 460 Filio
828 423 836 475 3

166 484 207 541 Sit
228 502 287 560 par,
310 494 415 554 sancte,
437 485 487 541 tibi
507 484 607 560 gloria,
630 484 768 560 Spiritus:

165 565 248 623 Haec
270 574 313 622 est
334 575 410 623 certa
431 565 512 635 fides,
533 565 660 623 fontibus
682 585 698 624 e
720 567 777 623 tuis

246 645 344 717 Quam
365 646 498 705 divinitus
518 647 675 706 hausimus.

418 1048 463 1090 AD
484 1048 619 1091 LAUDES.

167 1200 264 1272 Quem
285 1219 353 1270 nox,
371 1218 459 1275 quem
479 1201 622 1269 tenebrae,
641 1200 789 1276 densaque
810 1204 882 1261 nubi

167 1281 348 1339 Circumfusa
368 1291 468 1357 tegunt
488 1282 595 1338 lumine
618 1281 811 1356 splendidum,

167 1363 301 1420 Imbelles
321 1364 422 1421 oculos
443 1363 569 1420 terrificis
590 1362 672 1420 Deus
757 1374 760 1382 '

249 1443 294 1501 Ne
316 1443 473 1519 fulgoribus
494 1445 604 1502 obruat.

168 1605 196 1664 Ο
218 1606 319 1664 dilecte
341 1604 414 1675 De0,
436 1621 524 1681 quam
545 1605 596 1679 tibi
617 1605 728 1676 clarius

166 1687 245 1744 Dum
267 1696 297 1743 tu
319 1686 388 1742 vivis
410 1686 512 1755 adhuc,
535 1704 565 1744 se
587 1686 666 1744 dedit
687 1688 797 1762 aspici!

168 1768 215 1824 Tu
237 1775 346 1825 secreta
366 1766 430 1836 Dei,
452 1769 556 1825 mentis
577 1777 605 1825 et
626 1767 744 1825 intimae

249 1847 373 1905 Rimaris
394 1849 556 1922 penetralia.

127 2048 135 2079 „1
168 2010 230 2067 Ceu
251 2010 353 2084 pennis
374 2010 494 2085 aquilae,
516 2019 613 2084 raptus
638 2011 667 2065 in
689 2010 805 2068 aethera

168 2089 290 2148 Coelum
310 2101 407 2148 mente
429 2092 510 2166 petis,
533 2090 625 2148 sidera
646 2092 821 2162 transvolas;

169 2171 217 2228 Nil
238 2173 353 2229 obstant
374 2172 447 2228 rutili
468 2171 580 2246 fulgura
601 2171 724 2240 luminiS,

248 2252 336 2311 Nudo
358 2252 485 2310 Numine
509 2253 641 2327 pasceris»

167 2413 294 2470 Aetemo
314 2413 444 2487 genitum
465 2413 502 2471 de
524 2413 606 2471 Patre
628 2413 741 2484 Filium,

167 2493 294 2568 Dempta
314 2495 399 2562 nube,
420 2493 508 2563 vides,
529 2512 603 2569 eque
624 2494 688 2551 Deo
710 2494 807 2553 Deum

167 2573 361 2632 Descendisse
382 2592 478 2632 sacros
500 2574 537 2632 de
557 2576 650 2650 patrio
671 2575 735 2632 sinu

250 2653 353 2713 Castae
372 2655 498 2730 Virginis
520 2656 550 2712 in
571 2657 657 2714 sinus.

168 2817 203 2873 ln
224 2835 278 2875 nos
299 2817 355 2875 hoc
376 2817 468 2892 potuit
489 2826 584 2876 tantus
604 2835 686 2875 amor
707 2818 780 2876 Dei!

168 2897 265 2956 Terris
286 2898 348 2973 ipse
370 2899 413 2956 sui
434 2899 559 2956 numinis
580 2899 741 2969 immemor,
811 2958 815 2967 ,

168 2978 261 3036 Nobis
282 2978 373 3037 factus
394 2979 491 3047 hom0‚
514 2997 545 3036 se
566 2978 633 3038 facit
654 2981 776 3050 exulem,

248 3059 288 3118 Ut
310 3060 392 3119 coelo
413 3058 504 3116 trahat
525 3059 630 3119 exules.
