1906 3592
125 240 163 310 56

341 233 379 291 a
399 233 562 310 appiana
582 232 709 292 nom:

244 398 350 455 Pannis
372 408 488 471 opertus
509 396 611 454 vilibus

244 479 339 549 Lates,
360 479 532 536 recumbens
552 478 582 534 in
604 496 712 553 specu:

244 561 356 630 Homo
379 561 531 634 superbis!
551 570 579 617 et
600 558 701 617 Deum

244 642 343 707 Panni‚
365 658 469 715 specus
490 658 549 698 non
570 639 722 698 dedecent.
755 690 762 703 ‚

244 806 271 862 Α
293 804 375 863 Patre
396 803 510 872 missus,
531 802 633 877 perditi

241 886 300 957 Qui
321 885 412 943 sactus
434 902 465 941 es
487 884 588 941 mundi
610 884 699 954 salus,

239 967 318 1044 Jesu‚
339 966 431 1042 perire
451 983 488 1022 ne
509 965 586 1022 sinas

243 1049 302 1106 Tot
323 1065 398 1123 quos
418 1046 491 1104 emis
512 1046 668 1105 laboribus.

245 1209 305 1282 Qui
326 1220 410 1267 natus
431 1227 464 1266 es
484 1208 522 1266 de
543 1197 674 1283 Virgine,

241 1291 320 1368 Jesu‚
342 1291 393 1347 nbi
415 1291 451 1348 sit
472 1289 563 1364 gloria

242 1373 318 1430 Cum
340 1371 431 1441 Patre,
454 1388 578 1446 cumque
601 1370 718 1448 Spiritu,

242 1454 276 1511 In
298 1454 473 1529 sempiterna
493 1451 598 1510 secula.

342 1799 389 1841 AD
417 1797 571 1841 OFFICIUM
601 1797 699 1842 NOCT.

236 1998 302 2075 fac,
324 1998 445 2072 Christe,
467 2004 555 2060 nostri
576 2002 675 2076 gratia,

238 2086 381 2144 Defuncto
403 2093 445 2141 tot
466 2084 620 2152 laboribus,

239 2167 279 2226 Ut
300 2176 396 2224 mente
417 2174 506 2240 grata,
529 2166 570 2222 sic
592 2164 647 2238 piis

240 2249 306 2306 Hos
328 2246 486 2322 praedicari
507 2245 648 2303 cantibus.

239 2410 343 2468 Castae
364 2407 489 2483 parentis
501 2409 539 2464 ·in
561 2407 626 2464 sinu

239 2491 371 2548 Inclusus
393 2489 514 2546 ardebas
537 2489 614 2563 pati:

236 2575 382 2631 Aetemus
403 2579 434 2627 ut
456 2569 551 2627 discas
573 2569 657 2637 mori,

238 2652 361 2711 Mortale
385 2669 491 2727 corpus
513 2650 616 2708 induis.

239 2813 294 2872 Vix
317 2824 409 2882 natus
432 2811 553 2870 imbellis
575 2828 655 2887 puer,

236 2895 329 2953 Acuta
350 2894 437 2953 sentis
458 2892 580 2967 frigora3

237 2975 281 3032 En
301 2976 355 3034 vile
377 2993 430 3050 pro
451 2973 531 3030 molli
552 2972 638 3028 thoro

236 3055 366 3116 Foenum
387 3055 438 3114 tibi
459 3052 639 3128 supponitur.

446 3338 580 3384 A
