1950 3600
260 230 299 289 In
327 230 430 308 Vigilia
449 231 621 291 pentecostes.

161 393 250 452 Bonis
271 395 422 453 abundans
443 397 587 466 omnibus,

160 475 267 550 Ingens
288 477 343 534 eris
364 495 484 548 merces,
507 477 598 536 Deus.

161 555 258 628 Quam
279 557 367 632 longa
387 576 441 632 pro
459 576 555 633 poena
576 560 653 617 brevi

161 637 242 696 Tuos
263 640 421 697 manebunt
442 640 565 713 gaudia!

162 799 245 859 Tunc
266 819 316 859 ore
337 802 424 871 nud0‚
446 801 537 877 qualis
559 821 598 871 es,

160 881 358 959 Quantusque,
379 892 407 941 te
428 883 597 953 videbimus,

161 963 332 1022 Amabimus
352 974 380 1021 te
399 965 512 1039 jugiter,

160 1042 205 1101 Te
223 1045 329 1120 jugiter
349 1045 539 1104 laudabimus.

161 1205 190 1263 Si
211 1225 284 1281 quos
305 1225 394 1277 amas,
416 1226 476 1265 non
496 1207 612 1277 deseris,

160 1285 282 1346 Nostrae
302 1289 399 1346 salutis
420 1289 554 1347 obsidem

160 1366 257 1427 Mittas
279 1371 316 1427 ab
336 1370 399 1428 altis
420 1371 544 1440 sedibuS,

160 1449 216 1520 Qui
237 1469 291 1509 nos
313 1451 438 1527 adoptet,
462 1451 606 1526 Spiritum.

160 1612 284 1671 Venture
304 1612 401 1690 Judex
422 1613 517 1682 seculi,

122 1688 127 1709 ¹
157 1693 234 1770 Jesu,
254 1694 305 1751 tibi
327 1695 363 1752 sit
382 1695 474 1770 gloria

158 1774 232 1832 Cum
253 1775 344 1845 Patre,
368 1793 492 1850 cumque
517 1775 631 1851 Spiritu,

159 1855 190 1912 In
210 1857 385 1932 sempiterna
406 1856 512 1916 secula.

163 2142 204 2200 IN
226 2143 386 2202 VIGILIA
408 2142 711 2202 PENTECOSTES.

263 2301 309 2343 AD
331 2300 487 2344 OFFICIUM
510 2300 606 2343 NOCT-

156 2412 183 2469 O
205 2411 325 2481 Christe,
347 2412 397 2487 qui
417 2422 515 2469 noster
534 2412 594 2486 poli

156 2492 324 2552 Praecursor
345 2493 432 2550 intras
453 2493 570 2567 regiam,

157 2574 240 2645 Quos
261 2574 307 2632 hic
326 2575 454 2649 jacentes
475 2574 602 2649 respicis,
707 2632 716 2645 ,

157 2655 275 2713 Sursum
296 2672 375 2724 voca,
397 2673 511 2712 sursum
532 2673 609 2730 rape.

156 2817 202 2874 Ad
223 2816 270 2874 illa
291 2816 337 2874 fae
358 2833 413 2874 nos
435 2834 554 2886 currere,

155 2898 262 2956 Amore
283 2908 363 2956 casto
384 2896 499 2972 gaudia,

157 2977 283 3037 Terrena
305 2996 380 3055 quae
401 2996 485 3036 mens
506 2996 565 3036 non
587 2979 671 3053 capit,

156 3057 238 3128 Quae
259 3060 321 3118 sola
341 3060 477 3135 perspicit
498 3059 586 3117 fides:
