1950 3600
106 184 110 192 ⁸
210 229 248 288 In
274 228 328 307 Off.
349 227 537 287 Dedicatzbm's
556 227 622 286 Ecc.
762 247 818 302 209

179 393 250 470 Ejus
271 402 315 452 est
336 391 379 451 sol
401 409 501 450 caesus
523 391 634 468 Agnus,

179 475 250 551 Ejus
271 483 315 533 est
335 473 475 549 templum
496 472 595 532 Deus:

180 556 367 615 Aemulantes
389 555 434 613 hic
455 555 531 612 beati

180 638 312 696 Puriores
335 635 463 712 Spiritus,

179 719 279 777 Laude
297 718 360 794 jugi
381 716 499 775 Numen
519 735 609 775 unum

71 880 73 884 ,
180 800 296 875 Terque
319 799 455 858 Sanctum
476 800 639 857 concinunt.

179 961 258 1021 Hinc
279 971 307 1021 et
328 962 394 1020 inde
415 971 482 1021 sunt
502 970 600 1036 aperta

179 1043 306 1102 Civitatis
326 1044 416 1102 ostia:

126 1188 130 1201 ,
177 1124 317 1201 Quisquis
339 1125 428 1183 ambit
449 1125 505 1182 huc
526 1123 629 1193 venire,
689 1127 692 1198 ζ

176 1206 323 1282 Inserique
343 1207 504 1275 moenibus,

177 1289 254 1347 Ante
275 1288 352 1347 duris
373 1287 421 1346 hic
441 1286 556 1362 probari

178 1370 285 1428 Debuit
305 1369 458 1427 laboribus.

177 1533 219 1592 sit
239 1532 372 1609 perennis
393 1530 454 1590 laus
475 1528 589 1588 Par'enti
600 1547 608 1598 ;

177 1614 218 1672 Sit
239 1614 373 1690 perennis
394 1612 485 1669 Filio:

176 1696 252 1754 Laus
273 1696 332 1766 tibi,
353 1694 403 1770 qui
424 1693 515 1751 nectis
536 1692 647 1762 ambos,

177 1779 219 1838 Sit
239 1776 380 1853 perennis,
402 1774 532 1850 spiritus,

176 1860 308 1919 Chrisma
327 1857 409 1933 cujus
429 1872 484 1914 nos
505 1855 647 1928 inungens

176 1941 250 1999 Viva
269 1939 377 2015 templa
397 1946 553 1996 consecrat.

98 2450 144 2492 AD
165 2446 280 2490 PRIMAS
303 2443 345 2488 ET
367 2439 528 2485 SECUNDAS
551 2433 711 2479 VESPERAS.

172 2701 249 2758 Ecce
270 2697 353 2757 sedes
374 2693 420 2751 hic
442 2689 592 2756 Tonantis,

174 2783 251 2840 Ecce
272 2778 345 2838 coeli
364 2777 468 2852 janua:

175 2864 232 2920 Hic
254 2859 396 2927 sacerdos,
418 2873 475 2924 ara,
496 2851 642 2925 templum,

172 2945 231 3002 Hic
252 2943 332 3001 Deus
354 2939 385 2996 fit
405 2936 514 3003 hostia;

173 3027 326 3083 Incruenta
345 3028 436 3078 morte
456 3016 531 3094 jugis

173 3108 232 3165 Hic
254 3122 335 3164 amor
355 3102 415 3159 litat
435 3098 539 3156 Deum.

507 3194 524 3234 Ρ
