1950 3600
193 144 231 203 In
257 143 311 221 Off
333 143 519 202 Dedz'cattbm's
537 141 602 200 Ecc.
739 159 793 215 ²07

161 310 285 366 Aeterne
306 317 337 366 tu
357 306 447 364 Verbi
468 306 559 376 Pater,

162 391 286 448 Aeterne
307 389 359 446 Fili
380 406 432 464 par
453 387 536 458 Patri,

163 470 200 528 Et
218 489 272 547 pm
291 471 402 545 unique
424 468 553 545 Spiritm,

162 551 240 624 Tsoi,
261 552 351 622 Deus,
373 551 410 610 sit
430 551 528 626 gloria.

305 769 490 780 ..----

129 985 172 1044 IN
195 984 359 1045 OFFICIO
381 983 679 1044 DEDICATIONIS

286 1115 518 1177 ECCLESIAE.
662 1102 665 1106 ⁴

235 1370 281 1413 AD
303 1369 457 1414 OFFICIUM
480 1371 575 1416 Nocr.

90 1522 178 1580 Patris
200 1524 307 1580 aeterni
330 1523 451 1582 Soboles
473 1541 586 1592 coaeva,

90 1603 167 1661 Dum
188 1613 254 1661 tuae
275 1622 371 1664 sacros
392 1606 440 1681 pia
460 1604 542 1681 plebs
564 1603 688 1662 honores

91 1685 179 1743 Aedis
200 1685 344 1756 instaurat,
367 1686 448 1745 Deus
469 1687 552 1756 alme,
574 1685 678 1743 nostris

170 1767 274 1824 Annue
296 1768 376 1826 votis.

93 1927 148 1985 Hic
170 1929 241 1986 sacri
262 1929 349 1987 fontis
369 1930 465 1989 latices
487 1931 524 1988 ab
546 1939 609 1987 ortu

93 2009 177 2067 Inditi
198 2020 321 2086 purgant
341 2013 483 2070 maculam
504 2021 616 2069 reatus:

95 2089 151 2149 Hic
173 2101 201 2148 et
221 2091 348 2150 infusum
368 2111 443 2151 nova
463 2093 594 2151 membra
609 2090 722 2151 Christo

173 2171 306 2230 Chrisma
327 2184 448 2250 coaptat.

96 2332 152 2390 Hic
174 2352 226 2392 sua
247 2335 338 2409 pascit
359 2336 482 2411 populos
504 2337 603 2394 fideles

97 2413 197 2485 Came,
219 2416 268 2490 qui
289 2417 390 2474 mundi
411 2417 503 2475 scelus
525 2435 612 2476 omne
633 2416 704 2473 tollit
756 2472 758 2474 .

96 2497 205 2571 Agnus,
227 2507 255 2554 et
276 2496 330 2555 fusi
351 2499 472 2574 pretium
493 2499 600 2557 cruoris

178 2574 244 2652 Ipse
266 2580 406 2654 propinat.

99 2738 155 2796 Hic
178 2739 254 2798 salus
275 2741 367 2816 aegris
389 2742 491 2800 animis
512 2751 640 2816 paratur:
871 2800 876 2809 ,

99 2819 155 2890 Hic
176 2839 241 2879 reos
260 2822 349 2898 judex
366 2821 459 2880 ‘facilis
479 2822 593 2894 relaxat,

99 2902 348 2976 Atque⁴lethalem
369 2903 491 2962 rediviva
512 2904 589 2980 pellit
744 2976 750 2983 .

180 2982 279 3042 Gratia
299 2984 421 3059 culpam.
