1906 3592
105 194 112 205 ⁸
132 224 187 278 128
369 217 426 278 SS.
447 216 533 276 Petri
548 225 573 276 et
591 215 689 276 Pauli.

168 382 231 439 Vos
252 399 323 457 ergo
344 382 416 440 votis
437 379 599 456 supplicum
621 380 802 439 solemnibus

167 464 291 521 Adeste:
317 463 404 537 lapsis
426 463 574 537 impetrate
594 462 717 536 gratiam
724 481 734 534 ;
754 478 758 484 ·

167 545 207 604 Ut
229 543 396 602 Christianis
417 561 604 619 assequamur
625 543 765 610 moribus,

167 625 251 697 Quae
272 635 371 684 sancta
391 624 501 683 mundo
521 623 674 683 tradidistis
696 624 850 700 dogmata.

169 788 210 845 Sit
232 788 407 863 sempiterno
428 786 601 860 sempiterna
621 785 684 844 laus
706 785 803 844 Patri:

167 869 252 927 Petro
273 886 414 943 supernus
436 885 525 944 quem
545 866 677 925 revelavit
699 866 796 934 Pater,

167 951 291 1008 Aeteme
313 949 374 1018 Fili,
395 948 457 1007 laus
477 948 529 1005 tibi
550 948 586 1006 sit
606 948 751 1006 maxima:

81 1079 90 1093 .
168 1031 210 1090 Sit
230 1049 282 1106 par
304 1048 439 1105 supremo
460 1029 521 1088 laus
543 1029 690 1106 decusque
711 1030 850 1091 Flamini.

357 1379 402 1422 AD
423 1377 576 1422 OFFICIUM
598 1376 693 1421 NOCT.

207 1584 285 1642 Orbe
306 1601 382 1639 nunc
403 1592 465 1639 toto
485 1581 661 1641 celebrentur
681 1583 773 1641 ambo

185 1674 187 1677 '
206 1664 360 1738 Principes,
383 1664 460 1720 orbis
482 1663 570 1720 decus
591 1672 676 1738 atque
698 1663 809 1736 lumen,

207 1745 286 1804 Mille
307 1745 356 1820 qui
378 1743 492 1802 Christo
513 1762 649 1818 peperere
670 1745 750 1801 verbi

288 1825 403 1894 Semine
424 1834 534 1901 gentes.
570 1888 573 1893 ,
623 1864 629 1901 5

204 1991 312 2045 Auctor
334 1987 457 2060 incoepti
477 1985 574 2043 Deus:
605 1985 649 2042 ille
671 1996 761 2045 terras

207 2069 347 2138 incolens,
369 2068 475 2142 primas
496 2067 555 2137 tibi,
577 2067 667 2136 Petre,
689 2067 799 2140 defert;

205 2151 277 2218 Mox
298 2159 382 2207 vocat
402 2148 531 2217 Paulum,
554 2166 668 2225 seperas
689 2167 839 2224 regressus

285 2230 384 2287 Victor
405 2230 442 2290 ad
463 2247 550 2297 arces

204 2394 283 2452 Alter
304 2392 410 2451 aeterni
431 2390 521 2448 Patris
543 2392 667 2450 eruditur

203 2474 285 2532 Voce
307 2473 440 2546 delapsa:¹
469 2490 554 2546 super
574 2483 649 2531 astra
669 2483 768 2547 raptus

203 2556 282 2623 Alter
304 2571 423 2613 arcanae
445 2570 525 2610 sacra
546 2553 668 2613 veritatis

283 2634 414 2703 Flumina
433 2643 523 2709 potat.

203 2796 319 2866 Quanta
340 2795 461 2863 subvili
482 2795 570 2861 latitat
591 2805 719 2869 potestas

202 2876 351 2952 Corpore!
381 2877 508 2944 infirmos
529 2886 578 2933 tua
599 2886 680 2932 sanat
701 2878 814 2947 umbra,

202 2957 303 3027 Petre:
331 2957 448 3015 lethales
469 2967 525 3027 tua,
543 2956 642 3037 Paule,
663 2957 772 3031 pellunt

280 3039 381 3108 Lintea
401 3038 527 3105 morbos.
