1906 3592
284 250 337 287 112

407 240 410 245 '
469 229 508 288 In
524 206 749 288 Praesentattone
768 229 895 292 Domini.

398 392 525 451 Aetemo
547 393 582 451 sit
601 391 695 451 honor
715 392 836 470 lausque
857 395 933 455 Pare

398 473 458 545 Qui
478 474 593 550 placare
613 492 698 550 paras
718 475 835 534 victima
856 476 941 537 Patre

397 556 535 632 Aequalis
556 556 608 613 tibi
628 556 664 613 sit
683 555 783 630 gloria,
806 555 901 616 Nate:

396 637 558 694 Amborum
580 636 678 695 similis
699 636 761 696 laus
782 638 819 696 sit
840 642 942 698 amori.

465 959 510 1001 AD
532 956 697 1001 SECUNDAS
719 957 884 1005 VESPERAS.

390 1184 516 1259 Stupete,
538 1192 657 1258 gentes3
685 1183 718 1242 fit
737 1184 819 1244 Deus
840 1184 938 1248 hostia

390 1265 428 1323 Se
450 1274 552 1340 sponte
573 1263 630 1339 legi
651 1263 916 1344 Legifer‘obligat:

389 1345 477 1404 Orbis
498 1345 678 1419 Redemptor
698 1363 776 1404 nunc
796 1349 952 1428 redemptu

389 1426 484 1502 Seque
504 1427 564 1502 piat
585 1427 646 1483 sine
667 1425 732 1484 labe
753 1437 853 1487 mater.

385 1588 431 1646 De
452 1606 533 1645 more
554 1596 686 1657 matrum,
709 1588 800 1664 Virgo
822 1594 949 1669 puerper

386 1670 513 1745 Templo
534 1677 654 1727 statutos
676 1670 811 1728 abstinuit
833 1672 906 1732 dies.

385 1751 492 1808 Intrare
514 1759 645 1807 sanctum
667 1751 737 1826 quid
757 1753 894 1826 pavebas

383 1832 471 1890 Facta
491 1830 547 1888 Dei
567 1831 647 1905 prius
668 1832 731 1906 ipsa
752 1828 914 1908 templum?

381 1995 440 2051 Ara
462 1993 515 2051 sub
537 2009 594 2050 una
615 2010 647 2060 se
668 2002 751 2051 vovet
771 1992 866 2052 hostia

381 2075 517 2150 Triplex:
547 2074 688 2131 honorem
709 2075 869 2148 virgineum
891 2077 931 2134 im
950 2105 953 2131 ι

380 2155 472 2231 Virgo
493 2155 635 2224 sacerdos,
658 2174 745 2231 parva
765 2157 860 2216 mollis

380 2236 514 2295 Membra
534 2254 613 2311 puer,
636 2238 788 2313 seniorque
808 2238 905 2296 vitam.

376 2399 476 2456 Eheu!
506 2407 576 2474 quot
597 2417 681 2456 enses
703 2398 899 2473 transadigent
920 2411 950 2458 tu

376 2480 496 2538 Pectus!
509 2521 511 2526 ,
526 2479 596 2555 quot
617 2479 680 2537 altis
701 2489 768 2536 nata
789 2479 946 2551 doloribus

376 2561 404 2619 Ο
425 2561 533 2636 Virgo!
559 2560 661 2631 'Quem
682 2570 786 2635 gestas,
809 2573 928 2620 cruenta

311 2671 312 2674 ¹
375 2642 490 2700 imbuet
510 2641 557 2699 hic
579 2659 659 2698 sacer
679 2642 783 2716 Agnus
804 2659 893 2700 aram.

373 2803 503 2863 Christus
524 2803 626 2873 sutum,
649 2819 754 2876 corpus
775 2802 869 2861 adhuc
891 2814 952 2862 ten

372 2885 515 2944 Praeiudit
536 2886 634 2943 insons
655 2883 770 2939 victima
790 2881 899 2942 funeri:

371 2958 508 3037 Crescet3
537 2965 656 3040 profuso
677 2963 718 3017 vir
739 2981 848 3033 cruore,

371 3045 468 3105 Omne
490 3048 582 3106 scelus
603 3044 729 3103 moriens
749 3041 849 3115 piabit.
