1906 3592
445 221 601 281 Domtiu'ca.

290 384 430 445 Coelestis
452 384 523 444 haec
544 385 637 441 vincat
658 382 728 440 tuba

290 467 395 526 Cordis
416 483 552 542 soporem
572 464 709 540 languidi,

291 547 425 622 Novique
446 565 542 605 mores
563 547 724 622 exprimant

291 629 390 687 Vitam
411 628 583 703 resurgentis
604 644 718 685 novam.

293 759 362 820 Hoc
382 777 601 834 consequemur,
622 768 651 815 te
672 757 754 825 duce,

292 841 371 899 Fons
393 841 523 909 caritatis,
545 858 564 897 o
585 839 674 908 Deus,

293 921 353 993 Qui
373 920 445 996 legis
466 921 548 978 addis
569 921 676 977 litterae

293 1002 378 1060 Vitae
400 1002 529 1060 datorem
551 1001 696 1076 Spiritum.

295 1131 337 1189 Sit
357 1132 419 1189 laus
440 1131 525 1202 Patri,
546 1131 608 1188 laus
629 1130 718 1199 Filio;

295 1212 351 1269 Par
372 1213 408 1270 sit
428 1213 478 1269 tibi
500 1212 570 1282 lauS,
592 1211 720 1286 Spiritus,

294 1292 418 1350 Afflante
439 1311 497 1369 quo
518 1303 630 1350 mentes
651 1292 739 1368 sacris

190 1428 192 1438 ,
294 1373 405 1432 Lucent
426 1383 454 1431 et
476 1374 576 1432 ardent
597 1374 720 1448 ignibus

430 1567 476 1609 AD
498 1567 634 1610 LAUDES.

297 1669 346 1727 Ad
367 1671 475 1745 templa
495 1689 550 1730 nos
570 1690 667 1729 rursus
688 1680 771 1729 vocat

297 1750 445 1826 Surgentis
462 1771 580 1811 aurorae
600 1753 683 1822 nitor,

297 1831 456 1908 Novasque
476 1851 529 1909 pro
550 1834 625 1892 laeto
645 1843 745 1891 monet

297 1912 416 1972 Referre
436 1925 532 1990 grates
552 1933 679 1973 munere.

298 2039 338 2097 At
358 2037 447 2096 victor
468 2057 600 2097 auroram
621 2057 675 2097 suo

299 2120 423 2195 Fulgore
444 2120 574 2179 Christus
595 2121 706 2178 obruit:

300 2200 387 2269 Huic,
409 2218 517 2276 magna
537 2202 618 2277 cujus
639 2220 706 2277 pars
728 2221 836 2275 sumus

299 2280 383 2358 Juvat
404 2281 548 2356 triumpho
569 2282 713 2357 plaudere.

302 2409 391 2482 Quod
412 2411 540 2469 evolutus
562 2412 656 2471 fasciis

303 2490 434 2567 Repente
455 2493 580 2551 mundus
601 2496 699 2566 extitit,

301 2573 377 2631 Puro
397 2572 530 2632 renidens
551 2575 667 2647 lmnine,

303 2653 422 2712 Virtutis
443 2652 499 2711 hoc
520 2653 644 2730 quantae
666 2657 735 2717 fuit!

303 2781 392 2853 Quod
413 2784 548 2842 traditum
569 2788 633 2844 neci
653 2788 744 2859 Pater,

302 2863 342 2921 Ut
364 2865 494 2922 sontibus
515 2868 602 2925 vitam
623 2868 711 2939 daret,

303 2943 388 3002 Vitae
409 2945 529 3004 redonat
550 2947 661 3018 Filium,

302 3026 419 3084 Amoris
440 3026 496 3083 hoc
517 3031 615 3101 quanti
636 3029 706 3086 fuit!
