1950 3600
242 257 280 316 In
300 257 474 317 liberatione
494 256 527 316 S.
547 257 636 316 Petn:
788 274 841 331 ¹39

81 416 186 478 Dulces
207 428 333 486 catenae,
354 437 429 496 quae
449 437 530 478 reum
550 437 610 478 non
631 428 761 495 arguunt,

84 499 138 559 Sed
160 499 266 561 Christi
287 511 433 560 amantem
454 517 528 577 quae
548 501 671 576 probant
692 500 774 575 Apo-

84 582 342 738 Reguslnihcliiihnis,
363 664 456 722 aureis
476 662 639 727 monilibus,

84 741 144 801 Vos
165 762 247 802 sacra
266 745 355 820 pluris
376 745 561 802 aestimamus
582 741 701 801 vincula.

84 903 157 962 Patri
179 924 315 982 supremo
336 907 372 964 sit
393 923 528 981 suprema
547 905 654 980 gloria;

84 984 208 1062 Tibique
229 987 328 1046 laudes
348 996 426 1046 totus
447 987 524 1045 orbis
546 986 686 1048 concinat,

83 1067 205 1126 Aeteme
227 1067 287 1133 Fili,
310 1068 446 1144 splendor
467 1068 574 1126 aeterni
595 1066 702 1124 Patris:

84 1147 211 1224 Compar
232 1150 267 1207 sit
289 1149 366 1208 almo
387 1149 449 1208 laus
470 1149 616 1225 decusque
637 1145 767 1204 Flamini.

135 1449 180 1492 AD
203 1449 326 1492 LAUDES
349 1449 391 1491 ET
413 1447 575 1491 SECUNDAS
590 1445 752 1490 VESPERAS.

86 1624 208 1691 Petrum,
231 1635 358 1700 tyranne,
380 1624 450 1700 quid
472 1625 580 1682 catenis
601 1624 706 1687 obruis,

84 1705 231 1782 Jubesque
252 1706 338 1764 condi
359 1705 479 1764 carceris
500 1705 583 1781 nigro
605 1706 715 1781 specu?

84 1787 163 1859 Quid
184 1798 247 1845 trux
268 1786 381 1846 satelles
401 1796 467 1844 ante
488 1787 576 1845 limen
596 1786 737 1844 excubat?

85 1868 196 1933 Carcer,
219 1868 339 1933 satelles,
360 1868 452 1926 vincla
472 1886 532 1926 non
552 1868 669 1926 Petrum
689 1876 794 1924 tenent.

85 2030 209 2107 Fulgens
230 2031 267 2088 ab
289 2029 346 2088 alto
367 2031 443 2088 venit
463 2029 533 2088 Ales
554 2029 667 2088 aethere
678 2048 685 2098 ;

85 2111 205 2170 Recedit
226 2111 334 2175 horror,
355 2120 384 2168 et
404 2111 485 2186 fugat
506 2120 623 2168 noctem
645 2111 722 2168 dies:

84 2191 207 2268 Jubente
229 2192 352 2256 Christo,
374 2202 458 2267 rupta
479 2191 571 2250 vincla
591 2191 763 2252 concidunt:

84 2273 251 2332 Panduntur
271 2273 345 2331 ultro
366 2273 463 2332 clausa
483 2273 558 2331 ferro
578 2272 683 2329 Hmina.

86 2435 227 2493 Coelestis
248 2435 294 2492 ille
315 2434 416 2492 ductor
436 2434 561 2493 ostendit
581 2434 674 2491 viam:

86 2517 111 2573 lt
132 2515 234 2573 Petrus
245 2534 253 2586 ;
279 2525 364 2590 atque
386 2515 532 2573 somnium
553 2514 633 2590 quod
653 2514 692 2579 fit,
715 2524 805 2587 putat.

86 2597 204 2666 Verum,
227 2606 341 2672 recepta
361 2605 466 2661 mente,
488 2596 632 2654 victricem
653 2595 708 2652 Dei

87 2677 162 2735 Suae
184 2677 281 2735 salutis
302 2687 395 2736 certus
417 2676 548 2752 agnoscit
569 2694 696 2734 manum.

86 2838 149 2895 Lux
171 2849 276 2904 nostra,
299 2838 419 2904 Christe,
442 2848 540 2898 nostra
559 2838 682 2901 libertas,
704 2836 783 2894 vides

88 2918 202 2990 Quibus
223 2921 331 2978 catenis
352 2920 476 2977 vinciant
497 2937 551 2977 nos
572 2919 698 2982 crimina,

86 2999 123 3057 Et
145 3010 251 3076 quanta
271 3002 375 3059 nostris
396 3001 511 3059 incubet
531 3017 590 3057 nox
611 2999 772 3057 mentibus:

87 3081 189 3139 Caesis
211 3082 288 3140 diem
309 3081 359 3146 fer,
380 3100 482 3157 rumpe
502 3081 602 3140 vinctis
623 3078 742 3138 vincula.
